<?xml version="1.0" encoding="UTF-8"?>
<!DOCTYPE html PUBLIC "-//W3C//DTD XHTML 1.0 Transitional//EN"
    "http://www.w3.org/TR/xhtml1/DTD/xhtml1-transitional.dtd">
<html xmlns="http://www.w3.org/1999/xhtml" xml:lang="en" lang="en">
 <head>
  <title>
</title>
<meta http-equiv="Content-Type" content="text/html;charset=utf-8" />
  <meta name='ocr-system' content='tesseract 3.04.00' />
  <meta name='ocr-capabilities' content='ocr_page ocr_carea ocr_par ocr_line ocrx_word'/>
</head>
<body>
  <div class='ocr_page' id='page_1' title='image "./notitiascriptor01dowlgoog_0011.png"; bbox 0 0 3192 5112; ppageno 0'>
   <div class='ocr_carea' id='block_1_1' title="bbox 307 321 1159 389">
    <p class='ocr_par' dir='ltr' id='par_1_1' title="bbox 307 321 1159 389">
     <span class='ocr_line' id='line_1_1' title="bbox 307 321 1159 389; baseline 0.002 -3"><span class='ocrx_word' id='word_1_1' title='bbox 307 323 340 386; x_wconf 78' lang='lat' dir='ltr'>ri</span> <span class='ocrx_word' id='word_1_2' title='bbox 570 321 793 388; x_wconf 77' lang='lat' dir='ltr'><strong>EPISTOLA</strong></span> <span class='ocrx_word' id='word_1_3' title='bbox 815 321 880 387; x_wconf 86' lang='lat' dir='ltr'>AD</span> <span class='ocrx_word' id='word_1_4' title='bbox 905 321 1159 389; x_wconf 73' lang='lat' dir='ltr'>LECTOREM.</span> 
     </span>
    </p>
   </div>
   <div class='ocr_carea' id='block_1_2' title="bbox 313 511 1417 1112">
    <p class='ocr_par' dir='ltr' id='par_1_2' title="bbox 313 511 1417 1112">
     <span class='ocr_line' id='line_1_2' title="bbox 314 511 1417 596; baseline 0.001 -14"><span class='ocrx_word' id='word_1_5' title='bbox 314 511 520 582; x_wconf 88' lang='lat' dir='ltr'>eruditionis</span> <span class='ocrx_word' id='word_1_6' title='bbox 551 511 749 583; x_wconf 86' lang='lat' dir='ltr'>Petristicae</span> <span class='ocrx_word' id='word_1_7' title='bbox 779 511 954 583; x_wconf 84' lang='lat' dir='ltr'>studiosos</span> <span class='ocrx_word' id='word_1_8' title='bbox 983 512 1050 583; x_wconf 87' lang='lat' dir='ltr'>sibi</span> <span class='ocrx_word' id='word_1_9' title='bbox 1079 513 1250 596; x_wconf 78' lang='lat' dir='ltr'>devinxit,</span> <span class='ocrx_word' id='word_1_10' title='bbox 1281 511 1417 584; x_wconf 90' lang='lat' dir='ltr'>Biblio-</span> 
     </span>
     <span class='ocr_line' id='line_1_3' title="bbox 313 639 1417 726; baseline 0.002 -14"><span class='ocrx_word' id='word_1_11' title='bbox 313 643 427 712; x_wconf 86' lang='lat' dir='ltr'>thecae</span> <span class='ocrx_word' id='word_1_12' title='bbox 445 639 593 712; x_wconf 85' lang='lat' dir='ltr'>Petrum</span> <span class='ocrx_word' id='word_1_13' title='bbox 611 642 807 712; x_wconf 77' lang='lat' dir='ltr'>novissime</span> <span class='ocrx_word' id='word_1_14' title='bbox 821 641 984 726; x_wconf 91' lang='lat' dir='ltr'>indicem,</span> <span class='ocrx_word' id='word_1_15' title='bbox 997 666 1039 714; x_wconf 83' lang='lat' dir='ltr'>cc</span> <span class='ocrx_word' id='word_1_16' title='bbox 1056 642 1250 714; x_wconf 83' lang='lat' dir='ltr'>multarum</span> <span class='ocrx_word' id='word_1_17' title='bbox 1267 643 1417 716; x_wconf 81' lang='lat' dir='ltr'>alierum</span> 
     </span>
     <span class='ocr_line' id='line_1_4' title="bbox 315 773 1417 872; baseline 0.005 -27"><span class='ocrx_word' id='word_1_18' title='bbox 315 773 576 846; x_wconf 75' lang='lat' dir='ltr'>collectionum</span> <span class='ocrx_word' id='word_1_19' title='bbox 609 775 743 858; x_wconf 68' lang='lat' dir='ltr'>titulos</span> <span class='ocrx_word' id='word_1_20' title='bbox 773 776 897 868; x_wconf 90' lang='lat' dir='ltr'>prioris</span> <span class='ocrx_word' id='word_1_21' title='bbox 924 776 1089 847; x_wconf 78' lang='lat' dir='ltr'>editionis</span> <span class='ocrx_word' id='word_1_22' title='bbox 1117 775 1279 872; x_wconf 71' lang='lat' dir='ltr'>catalogo</span> <span class='ocrx_word' id='word_1_23' title='bbox 1306 778 1417 850; x_wconf 80' lang='lat' dir='ltr'>adnu-</span> 
     </span>
     <span class='ocr_line' id='line_1_5' title="bbox 314 907 1416 1002; baseline 0.003 -24"><span class='ocrx_word' id='word_1_24' title='bbox 314 907 474 979; x_wconf 84' lang='lat' dir='ltr'>meravit.</span> <span class='ocrx_word' id='word_1_25' title='bbox 503 907 622 978; x_wconf 89' lang='lat' dir='ltr'>Nemo</span> <span class='ocrx_word' id='word_1_26' title='bbox 635 915 756 979; x_wconf 86' lang='lat' dir='ltr'>eutem</span> <span class='ocrx_word' id='word_1_27' title='bbox 773 908 844 978; x_wconf 85' lang='lat' dir='ltr'>huc</span> <span class='ocrx_word' id='word_1_28' title='bbox 860 930 972 1001; x_wconf 91' lang='lat' dir='ltr'>usque</span> <span class='ocrx_word' id='word_1_29' title='bbox 989 908 1116 993; x_wconf 73' lang='lat' dir='ltr'>effecit</span> <span class='ocrx_word' id='word_1_30' title='bbox 1131 909 1226 1002; x_wconf 91' lang='lat' dir='ltr'>quod</span> <span class='ocrx_word' id='word_1_31' title='bbox 1242 909 1280 980; x_wconf 88' lang='lat' dir='ltr'>in</span> <span class='ocrx_word' id='word_1_32' title='bbox 1296 911 1416 982; x_wconf 87' lang='lat' dir='ltr'>enimc</span> 
     </span>
     <span class='ocr_line' id='line_1_6' title="bbox 314 1041 484 1112; baseline -0.012 0"><span class='ocrx_word' id='word_1_33' title='bbox 314 1041 403 1112; x_wconf 92' lang='lat' dir='ltr'>mihi</span> <span class='ocrx_word' id='word_1_34' title='bbox 420 1050 484 1112; x_wconf 90' lang='lat' dir='ltr'>est.</span> 
     </span>
    </p>
   </div>
   <div class='ocr_carea' id='block_1_3' title="bbox 305 1304 1416 3924">
    <p class='ocr_par' dir='ltr' id='par_1_3' title="bbox 305 1304 1416 3924">
     <span class='ocr_line' id='line_1_7' title="bbox 365 1304 1416 1403; baseline 0.003 -28"><span class='ocrx_word' id='word_1_35' title='bbox 365 1304 437 1376; x_wconf 82' lang='lat' dir='ltr'>Sed</span> <span class='ocrx_word' id='word_1_36' title='bbox 454 1306 601 1377; x_wconf 89' lang='lat' dir='ltr'>minime</span> <span class='ocrx_word' id='word_1_37' title='bbox 618 1315 673 1378; x_wconf 84' lang='lat' dir='ltr'>eet</span> <span class='ocrx_word' id='word_1_38' title='bbox 691 1306 925 1378; x_wconf 77' lang='lat' dir='ltr'>dubitandum</span> <span class='ocrx_word' id='word_1_39' title='bbox 943 1309 1028 1399; x_wconf 93' lang='lat' dir='ltr'>quin</span> <span class='ocrx_word' id='word_1_40' title='bbox 1045 1307 1283 1379; x_wconf 70' lang='lat' dir='ltr'>collectiones</span> <span class='ocrx_word' id='word_1_41' title='bbox 1301 1307 1416 1403; x_wconf 79' lang='lat' dir='ltr'>Ittigii</span> 
     </span>
     <span class='ocr_line' id='line_1_8' title="bbox 314 1438 1416 1532; baseline 0 -23"><span class='ocrx_word' id='word_1_42' title='bbox 314 1445 423 1510; x_wconf 84' lang='lat' dir='ltr'>aetete</span> <span class='ocrx_word' id='word_1_43' title='bbox 451 1440 665 1509; x_wconf 77' lang='lat' dir='ltr'>recentiores</span> <span class='ocrx_word' id='word_1_44' title='bbox 689 1447 922 1510; x_wconf 83' lang='lat' dir='ltr'>monumenta</span> <span class='ocrx_word' id='word_1_45' title='bbox 947 1438 1205 1532; x_wconf 79' lang='lat' dir='ltr'>quamplurima</span> <span class='ocrx_word' id='word_1_46' title='bbox 1231 1440 1277 1512; x_wconf 85' lang='lat' dir='ltr'>sd</span> <span class='ocrx_word' id='word_1_47' title='bbox 1304 1440 1416 1510; x_wconf 85' lang='lat' dir='ltr'>soien-</span> 
     </span>
     <span class='ocr_line' id='line_1_9' title="bbox 313 1570 1415 1664; baseline 0.003 -24"><span class='ocrx_word' id='word_1_48' title='bbox 313 1571 401 1640; x_wconf 87' lang='lat' dir='ltr'>tiem</span> <span class='ocrx_word' id='word_1_49' title='bbox 426 1592 545 1640; x_wconf 90' lang='lat' dir='ltr'>rerum</span> <span class='ocrx_word' id='word_1_50' title='bbox 566 1570 893 1642; x_wconf 84' lang='lat' dir='ltr'>Ecclesiasticerum</span> <span class='ocrx_word' id='word_1_51' title='bbox 918 1593 1059 1664; x_wconf 87' lang='lat' dir='ltr'>prorsus</span> <span class='ocrx_word' id='word_1_52' title='bbox 1081 1573 1276 1643; x_wconf 82' lang='lat' dir='ltr'>necessarie</span> <span class='ocrx_word' id='word_1_53' title='bbox 1302 1573 1415 1644; x_wconf 88' lang='lat' dir='ltr'>conti-</span> 
     </span>
     <span class='ocr_line' id='line_1_10' title="bbox 314 1705 1414 1800; baseline 0.001 -25"><span class='ocrx_word' id='word_1_54' title='bbox 314 1713 432 1776; x_wconf 79' lang='lat' dir='ltr'>neant.</span> <span class='ocrx_word' id='word_1_55' title='bbox 473 1705 545 1775; x_wconf 87' lang='lat' dir='ltr'>Res</span> <span class='ocrx_word' id='word_1_56' title='bbox 562 1705 800 1798; x_wconf 83' lang='lat' dir='ltr'>disputatione</span> <span class='ocrx_word' id='word_1_57' title='bbox 817 1727 888 1776; x_wconf 90' lang='lat' dir='ltr'>non</span> <span class='ocrx_word' id='word_1_58' title='bbox 906 1714 999 1800; x_wconf 83' lang='lat' dir='ltr'>eget.</span> <span class='ocrx_word' id='word_1_59' title='bbox 1045 1705 1166 1776; x_wconf 89' lang='lat' dir='ltr'>Nemo</span> <span class='ocrx_word' id='word_1_60' title='bbox 1182 1713 1237 1778; x_wconf 87' lang='lat' dir='ltr'>est</span> <span class='ocrx_word' id='word_1_61' title='bbox 1254 1707 1414 1777; x_wconf 84' lang='lat' dir='ltr'>doctrine</span> 
     </span>
     <span class='ocr_line' id='line_1_11' title="bbox 312 1838 1414 1933; baseline 0.002 -26"><span class='ocrx_word' id='word_1_62' title='bbox 312 1838 381 1908; x_wconf 87' lang='lat' dir='ltr'>hoc</span> <span class='ocrx_word' id='word_1_63' title='bbox 405 1859 518 1932; x_wconf 84' lang='lat' dir='ltr'>genus</span> <span class='ocrx_word' id='word_1_64' title='bbox 534 1860 641 1930; x_wconf 88' lang='lat' dir='ltr'>quem</span> <span class='ocrx_word' id='word_1_65' title='bbox 666 1839 805 1909; x_wconf 90' lang='lat' dir='ltr'>modice</span> <span class='ocrx_word' id='word_1_66' title='bbox 830 1839 998 1922; x_wconf 87' lang='lat' dir='ltr'>imbutus,</span> <span class='ocrx_word' id='word_1_67' title='bbox 1017 1840 1077 1932; x_wconf 94' lang='lat' dir='ltr'>qui</span> <span class='ocrx_word' id='word_1_68' title='bbox 1104 1839 1244 1933; x_wconf 80' lang='lat' dir='ltr'>ignoret</span> <span class='ocrx_word' id='word_1_69' title='bbox 1270 1839 1414 1909; x_wconf 85' lang='lat' dir='ltr'>nomine</span> 
     </span>
     <span class='ocr_line' id='line_1_12' title="bbox 314 1969 1413 2058; baseline 0.003 -17"><span class='ocrx_word' id='word_1_70' title='bbox 314 1969 514 2054; x_wconf 86' lang='lat' dir='ltr'>Muretorii‚</span> <span class='ocrx_word' id='word_1_71' title='bbox 546 1970 724 2058; x_wconf 88' lang='lat' dir='ltr'>Mertene,</span> <span class='ocrx_word' id='word_1_72' title='bbox 751 1970 860 2056; x_wconf 80' lang='lat' dir='ltr'>Penii,</span> <span class='ocrx_word' id='word_1_73' title='bbox 892 1970 1028 2055; x_wconf 88' lang='lat' dir='ltr'>Wolfii,</span> <span class='ocrx_word' id='word_1_74' title='bbox 1060 1970 1192 2058; x_wconf 80' lang='lat' dir='ltr'>Mauri,</span> <span class='ocrx_word' id='word_1_75' title='bbox 1223 1970 1413 2058; x_wconf 85' lang='lat' dir='ltr'>Gullendii,</span> 
     </span>
     <span class='ocr_line' id='line_1_13' title="bbox 314 2101 1411 2196; baseline 0 -22"><span class='ocrx_word' id='word_1_76' title='bbox 314 2103 448 2188; x_wconf 86' lang='lat' dir='ltr'>Bouth,</span> <span class='ocrx_word' id='word_1_77' title='bbox 480 2101 591 2187; x_wconf 83' lang='lat' dir='ltr'>Meii3</span> <span class='ocrx_word' id='word_1_78' title='bbox 627 2104 798 2196; x_wconf 91' lang='lat' dir='ltr'>quicum</span> <span class='ocrx_word' id='word_1_79' title='bbox 828 2102 951 2174; x_wconf 89' lang='lat' dir='ltr'>multis</span> <span class='ocrx_word' id='word_1_80' title='bbox 985 2103 1061 2174; x_wconf 84' lang='lat' dir='ltr'>eliis</span> <span class='ocrx_word' id='word_1_81' title='bbox 1091 2103 1290 2175; x_wconf 70' lang='lat' dir='ltr'>clarissimis</span> <span class='ocrx_word' id='word_1_82' title='bbox 1319 2104 1411 2187; x_wconf 86' lang='lat' dir='ltr'>viris,</span> 
     </span>
     <span class='ocr_line' id='line_1_14' title="bbox 313 2233 1413 2330; baseline 0.001 -24"><span class='ocrx_word' id='word_1_83' title='bbox 313 2235 435 2318; x_wconf 78' lang='lat' dir='ltr'>Gallis,</span> <span class='ocrx_word' id='word_1_84' title='bbox 451 2235 647 2318; x_wconf 82' lang='lat' dir='ltr'>Germanis,</span> <span class='ocrx_word' id='word_1_85' title='bbox 661 2233 801 2330; x_wconf 87' lang='lat' dir='ltr'>Anglis,</span> <span class='ocrx_word' id='word_1_86' title='bbox 820 2235 932 2322; x_wconf 80' lang='lat' dir='ltr'>Italis,</span> <span class='ocrx_word' id='word_1_87' title='bbox 949 2243 1030 2328; x_wconf 85' lang='lat' dir='ltr'>post</span> <span class='ocrx_word' id='word_1_88' title='bbox 1047 2236 1217 2308; x_wconf 88' lang='lat' dir='ltr'>saeculum</span> <span class='ocrx_word' id='word_1_89' title='bbox 1234 2237 1413 2308; x_wconf 88' lang='lat' dir='ltr'>decimum</span> 
     </span>
     <span class='ocr_line' id='line_1_15' title="bbox 312 2369 1411 2463; baseline -0.001 -21"><span class='ocrx_word' id='word_1_90' title='bbox 312 2379 479 2442; x_wconf 85' lang='lat' dir='ltr'>octavum</span> <span class='ocrx_word' id='word_1_91' title='bbox 504 2372 686 2463; x_wconf 87' lang='lat' dir='ltr'>inceptum</span> <span class='ocrx_word' id='word_1_92' title='bbox 712 2369 776 2441; x_wconf 85' lang='lat' dir='ltr'>hes</span> <span class='ocrx_word' id='word_1_93' title='bbox 802 2378 895 2440; x_wconf 80' lang='lat' dir='ltr'>artes</span> <span class='ocrx_word' id='word_1_94' title='bbox 922 2369 1123 2441; x_wconf 84' lang='lat' dir='ltr'>felicissime</span> <span class='ocrx_word' id='word_1_95' title='bbox 1148 2369 1344 2453; x_wconf 82' lang='lat' dir='ltr'>coluerunt,</span> <span class='ocrx_word' id='word_1_96' title='bbox 1369 2386 1411 2441; x_wconf 78' lang='lat' dir='ltr'>ec</span> 
     </span>
     <span class='ocr_line' id='line_1_16' title="bbox 311 2502 1412 2596; baseline 0.001 -23"><span class='ocrx_word' id='word_1_97' title='bbox 311 2502 430 2596; x_wconf 88' lang='lat' dir='ltr'>plures</span> <span class='ocrx_word' id='word_1_98' title='bbox 472 2504 634 2596; x_wconf 82' lang='lat' dir='ltr'>ingentes</span> <span class='ocrx_word' id='word_1_99' title='bbox 680 2511 797 2573; x_wconf 89' lang='lat' dir='ltr'>tomos</span> <span class='ocrx_word' id='word_1_100' title='bbox 835 2504 1076 2574; x_wconf 85' lang='lat' dir='ltr'>monumentis</span> <span class='ocrx_word' id='word_1_101' title='bbox 1114 2503 1220 2574; x_wconf 86' lang='lat' dir='ltr'>sceris</span> <span class='ocrx_word' id='word_1_102' title='bbox 1263 2502 1412 2574; x_wconf 80' lang='lat' dir='ltr'>refertos</span> 
     </span>
     <span class='ocr_line' id='line_1_17' title="bbox 310 2633 1411 2729; baseline -0.002 -23"><span class='ocrx_word' id='word_1_103' title='bbox 310 2636 459 2729; x_wconf 87' lang='lat' dir='ltr'>posteris</span> <span class='ocrx_word' id='word_1_104' title='bbox 482 2635 712 2706; x_wconf 79' lang='lat' dir='ltr'>tradiderunt.</span> <span class='ocrx_word' id='word_1_105' title='bbox 775 2634 861 2706; x_wconf 86' lang='lat' dir='ltr'>Istae</span> <span class='ocrx_word' id='word_1_106' title='bbox 888 2636 1147 2728; x_wconf 81' lang='lat' dir='ltr'>pretiosissime</span> <span class='ocrx_word' id='word_1_107' title='bbox 1174 2633 1411 2706; x_wconf 84' lang='lat' dir='ltr'>Collectiones</span> 
     </span>
     <span class='ocr_line' id='line_1_18' title="bbox 310 2766 1411 2863; baseline -0.002 -25"><span class='ocrx_word' id='word_1_108' title='bbox 310 2771 492 2863; x_wconf 86' lang='lat' dir='ltr'>ingentem</span> <span class='ocrx_word' id='word_1_109' title='bbox 514 2770 723 2862; x_wconf 85' lang='lat' dir='ltr'>scriptorum</span> <span class='ocrx_word' id='word_1_110' title='bbox 746 2768 791 2838; x_wconf 84' lang='lat' dir='ltr'>ed</span> <span class='ocrx_word' id='word_1_111' title='bbox 819 2790 875 2838; x_wconf 89' lang='lat' dir='ltr'>res</span> <span class='ocrx_word' id='word_1_112' title='bbox 901 2791 1012 2861; x_wconf 91' lang='lat' dir='ltr'>quum</span> <span class='ocrx_word' id='word_1_113' title='bbox 1040 2766 1314 2850; x_wconf 74' lang='lat' dir='ltr'>Ecclesiasticus,</span> <span class='ocrx_word' id='word_1_114' title='bbox 1331 2774 1411 2837; x_wconf 90' lang='lat' dir='ltr'>tum</span> 
     </span>
     <span class='ocr_line' id='line_1_19' title="bbox 310 2899 1410 2994; baseline -0.002 -23"><span class='ocrx_word' id='word_1_115' title='bbox 310 2900 505 2987; x_wconf 84' lang='lat' dir='ltr'>historicas,</span> <span class='ocrx_word' id='word_1_116' title='bbox 539 2910 619 2971; x_wconf 86' lang='lat' dir='ltr'>tum</span> <span class='ocrx_word' id='word_1_117' title='bbox 653 2900 823 2971; x_wconf 75' lang='lat' dir='ltr'>literatius</span> <span class='ocrx_word' id='word_1_118' title='bbox 865 2901 1103 2994; x_wconf 75' lang='lat' dir='ltr'>spectantium</span> <span class='ocrx_word' id='word_1_119' title='bbox 1143 2899 1410 2972; x_wconf 87' lang='lat' dir='ltr'>multitudinem</span> 
     </span>
     <span class='ocr_line' id='line_1_20' title="bbox 310 3027 1408 3125; baseline -0.002 -24"><span class='ocrx_word' id='word_1_120' title='bbox 310 3030 491 3102; x_wconf 88' lang='lat' dir='ltr'>exhibent.</span> <span class='ocrx_word' id='word_1_121' title='bbox 544 3029 692 3100; x_wconf 87' lang='lat' dir='ltr'>Petrum</span> <span class='ocrx_word' id='word_1_122' title='bbox 718 3028 899 3125; x_wconf 84' lang='lat' dir='ltr'>Opuseule</span> <span class='ocrx_word' id='word_1_123' title='bbox 921 3038 960 3101; x_wconf 86' lang='lat' dir='ltr'>et</span> <span class='ocrx_word' id='word_1_124' title='bbox 983 3029 1207 3124; x_wconf 79' lang='lat' dir='ltr'>llegmente,</span> <span class='ocrx_word' id='word_1_125' title='bbox 1224 3027 1408 3111; x_wconf 75' lang='lat' dir='ltr'>Chronico,</span> 
     </span>
     <span class='ocr_line' id='line_1_21' title="bbox 311 3159 1410 3256; baseline 0.002 -24"><span class='ocrx_word' id='word_1_126' title='bbox 311 3159 487 3246; x_wconf 72' lang='lat' dir='ltr'>Historiae,</span> <span class='ocrx_word' id='word_1_127' title='bbox 506 3161 673 3245; x_wconf 83' lang='lat' dir='ltr'>Conciliu,</span> <span class='ocrx_word' id='word_1_128' title='bbox 693 3161 904 3234; x_wconf 77' lang='lat' dir='ltr'>Sanctorum</span> <span class='ocrx_word' id='word_1_129' title='bbox 921 3163 1140 3255; x_wconf 79' lang='lat' dir='ltr'>aliorumque</span> <span class='ocrx_word' id='word_1_130' title='bbox 1158 3162 1268 3245; x_wconf 82' lang='lat' dir='ltr'>Vitae,</span> <span class='ocrx_word' id='word_1_131' title='bbox 1286 3160 1410 3256; x_wconf 90' lang='lat' dir='ltr'>Diplu·</span> 
     </span>
     <span class='ocr_line' id='line_1_22' title="bbox 305 3293 1410 3388; baseline 0 -22"><span class='ocrx_word' id='word_1_132' title='bbox 305 3303 418 3379; x_wconf 83' lang='lat' dir='ltr'>mete,</span> <span class='ocrx_word' id='word_1_133' title='bbox 436 3293 618 3387; x_wconf 85' lang='lat' dir='ltr'>Epistolae,</span> <span class='ocrx_word' id='word_1_134' title='bbox 635 3303 742 3388; x_wconf 83' lang='lat' dir='ltr'>etque</span> <span class='ocrx_word' id='word_1_135' title='bbox 759 3295 828 3368; x_wconf 81' lang='lat' dir='ltr'>elie</span> <span class='ocrx_word' id='word_1_136' title='bbox 850 3298 1035 3368; x_wconf 82' lang='lat' dir='ltr'>innumere</span> <span class='ocrx_word' id='word_1_137' title='bbox 1057 3298 1102 3368; x_wconf 87' lang='lat' dir='ltr'>ed</span> <span class='ocrx_word' id='word_1_138' title='bbox 1124 3295 1307 3368; x_wconf 72' lang='lat' dir='ltr'>historiam</span> <span class='ocrx_word' id='word_1_139' title='bbox 1329 3303 1410 3366; x_wconf 88' lang='lat' dir='ltr'>tum</span> 
     </span>
     <span class='ocr_line' id='line_1_23' title="bbox 309 3427 1408 3522; baseline 0.002 -24"><span class='ocrx_word' id='word_1_140' title='bbox 309 3427 459 3510; x_wconf 90' lang='lat' dir='ltr'>civilem,</span> <span class='ocrx_word' id='word_1_141' title='bbox 477 3436 556 3500; x_wconf 91' lang='lat' dir='ltr'>tum</span> <span class='ocrx_word' id='word_1_142' title='bbox 576 3429 751 3522; x_wconf 87' lang='lat' dir='ltr'>praecipue</span> <span class='ocrx_word' id='word_1_143' title='bbox 769 3429 1053 3501; x_wconf 85' lang='lat' dir='ltr'>Ecclesiasticem</span> <span class='ocrx_word' id='word_1_144' title='bbox 1069 3430 1285 3522; x_wconf 79' lang='lat' dir='ltr'>pertinentia</span> <span class='ocrx_word' id='word_1_145' title='bbox 1299 3429 1338 3500; x_wconf 91' lang='lat' dir='ltr'>in</span> <span class='ocrx_word' id='word_1_146' title='bbox 1354 3428 1408 3500; x_wconf 91' lang='lat' dir='ltr'>his</span> 
     </span>
     <span class='ocr_line' id='line_1_24' title="bbox 308 3561 1409 3655; baseline 0 -23"><span class='ocrx_word' id='word_1_147' title='bbox 308 3561 540 3655; x_wconf 81' lang='lat' dir='ltr'>ferraginibus</span> <span class='ocrx_word' id='word_1_148' title='bbox 556 3563 680 3633; x_wconf 82' lang='lat' dir='ltr'>latent.</span> <span class='ocrx_word' id='word_1_149' title='bbox 732 3561 790 3633; x_wconf 88' lang='lat' dir='ltr'>Ac</span> <span class='ocrx_word' id='word_1_150' title='bbox 807 3571 903 3634; x_wconf 85' lang='lat' dir='ltr'>certe</span> <span class='ocrx_word' id='word_1_151' title='bbox 925 3586 1031 3634; x_wconf 89' lang='lat' dir='ltr'>nemo</span> <span class='ocrx_word' id='word_1_152' title='bbox 1054 3563 1099 3632; x_wconf 92' lang='lat' dir='ltr'>de</span> <span class='ocrx_word' id='word_1_153' title='bbox 1122 3563 1269 3634; x_wconf 84' lang='lat' dir='ltr'>scientie</span> <span class='ocrx_word' id='word_1_154' title='bbox 1290 3583 1409 3634; x_wconf 91' lang='lat' dir='ltr'>rerum</span> 
     </span>
     <span class='ocr_line' id='line_1_25' title="bbox 309 3695 1408 3791; baseline -0.001 -25"><span class='ocrx_word' id='word_1_155' title='bbox 309 3695 637 3768; x_wconf 81' lang='lat' dir='ltr'>Ecclesiastioemm</span> <span class='ocrx_word' id='word_1_156' title='bbox 649 3705 712 3768; x_wconf 85' lang='lat' dir='ltr'>eut</span> <span class='ocrx_word' id='word_1_157' title='bbox 727 3696 842 3767; x_wconf 93' lang='lat' dir='ltr'>Medii</span> <span class='ocrx_word' id='word_1_158' title='bbox 855 3697 936 3767; x_wconf 80' lang='lat' dir='ltr'>AEvi</span> <span class='ocrx_word' id='word_1_159' title='bbox 953 3697 1110 3768; x_wconf 87' lang='lat' dir='ltr'>historiae</span> <span class='ocrx_word' id='word_1_160' title='bbox 1126 3695 1266 3791; x_wconf 81' lang='lat' dir='ltr'>gloriari</span> <span class='ocrx_word' id='word_1_161' title='bbox 1279 3702 1408 3788; x_wconf 86' lang='lat' dir='ltr'>potest,</span> 
     </span>
     <span class='ocr_line' id='line_1_26' title="bbox 309 3829 1132 3924; baseline -0.001 -23"><span class='ocrx_word' id='word_1_162' title='bbox 309 3831 449 3923; x_wconf 81' lang='lat' dir='ltr'>quihus</span> <span class='ocrx_word' id='word_1_163' title='bbox 466 3830 647 3903; x_wconf 85' lang='lat' dir='ltr'>literarum</span> <span class='ocrx_word' id='word_1_164' title='bbox 665 3832 825 3924; x_wconf 87' lang='lat' dir='ltr'>regiones</span> <span class='ocrx_word' id='word_1_165' title='bbox 842 3853 914 3900; x_wconf 89' lang='lat' dir='ltr'>non</span> <span class='ocrx_word' id='word_1_166' title='bbox 932 3829 1132 3922; x_wconf 71' lang='lat' dir='ltr'>exploserit.</span> 
     </span>
    </p>
   </div>
   <div class='ocr_carea' id='block_1_4' title="bbox 311 4091 1410 4344">
    <p class='ocr_par' dir='ltr' id='par_1_4' title="bbox 311 4091 1410 4344">
     <span class='ocr_line' id='line_1_27' title="bbox 360 4091 1410 4191; baseline -0.006 -23"><span class='ocrx_word' id='word_1_167' title='bbox 360 4095 483 4168; x_wconf 87' lang='lat' dir='ltr'>Hebes</span> <span class='ocrx_word' id='word_1_168' title='bbox 505 4097 625 4191; x_wconf 81' lang='lat' dir='ltr'>igitur,</span> <span class='ocrx_word' id='word_1_169' title='bbox 642 4099 755 4169; x_wconf 80' lang='lat' dir='ltr'>amice</span> <span class='ocrx_word' id='word_1_170' title='bbox 774 4097 913 4179; x_wconf 84' lang='lat' dir='ltr'>Lector,</span> <span class='ocrx_word' id='word_1_171' title='bbox 931 4117 1063 4182; x_wconf 82' lang='lat' dir='ltr'>causas,</span> <span class='ocrx_word' id='word_1_172' title='bbox 1081 4117 1144 4166; x_wconf 90' lang='lat' dir='ltr'>cur</span> <span class='ocrx_word' id='word_1_173' title='bbox 1160 4091 1229 4164; x_wconf 88' lang='lat' dir='ltr'>hoc</span> <span class='ocrx_word' id='word_1_174' title='bbox 1248 4091 1410 4188; x_wconf 81' lang='grc' dir='ltr'>βιβλαρί-</span> 
     </span>
     <span class='ocr_line' id='line_1_28' title="bbox 311 4225 1408 4344; baseline -0.007 -42"><span class='ocrx_word' id='word_1_175' title='bbox 311 4231 377 4304; x_wconf 82' lang='grc' dir='ltr'><em>διον</em></span> <span class='ocrx_word' id='word_1_176' title='bbox 395 4229 601 4344; x_wconf 60' lang='lat' dir='ltr'>scripserim.</span> <span class='ocrx_word' id='word_1_177' title='bbox 654 4229 763 4301; x_wconf 88' lang='lat' dir='ltr'>Nune</span> <span class='ocrx_word' id='word_1_178' title='bbox 779 4237 899 4313; x_wconf 86' lang='lat' dir='ltr'>restet,</span> <span class='ocrx_word' id='word_1_179' title='bbox 917 4237 958 4299; x_wconf 87' lang='lat' dir='ltr'>ut</span> <span class='ocrx_word' id='word_1_180' title='bbox 975 4229 1020 4300; x_wconf 91' lang='lat' dir='ltr'>de</span> <span class='ocrx_word' id='word_1_181' title='bbox 1037 4228 1182 4311; x_wconf 85' lang='lat' dir='ltr'>ratione,</span> <span class='ocrx_word' id='word_1_182' title='bbox 1200 4248 1270 4318; x_wconf 84' lang='lat' dir='ltr'>qua</span> <span class='ocrx_word' id='word_1_183' title='bbox 1286 4225 1323 4295; x_wconf 91' lang='lat' dir='ltr'>in</span> <span class='ocrx_word' id='word_1_184' title='bbox 1340 4225 1408 4296; x_wconf 88' lang='lat' dir='ltr'>isto</span> 
     </span>
    </p>
   </div>
   <div class='ocr_carea' id='block_1_5' title="bbox 311 4358 1408 4458">
    <p class='ocr_par' dir='ltr' id='par_1_5' title="bbox 311 4358 1408 4458">
     <span class='ocr_line' id='line_1_29' title="bbox 311 4358 1408 4458; baseline -0.007 -22"><span class='ocrx_word' id='word_1_185' title='bbox 311 4365 554 4458; x_wconf 88' lang='lat' dir='ltr'>componendo</span> <span class='ocrx_word' id='word_1_186' title='bbox 580 4385 662 4434; x_wconf 87' lang='lat' dir='ltr'>usus</span> <span class='ocrx_word' id='word_1_187' title='bbox 686 4387 773 4447; x_wconf 86' lang='lat' dir='ltr'>sum,</span> <span class='ocrx_word' id='word_1_188' title='bbox 796 4385 970 4456; x_wconf 80' lang='lat' dir='ltr'>perpauca</span> <span class='ocrx_word' id='word_1_189' title='bbox 996 4363 1120 4434; x_wconf 85' lang='lat' dir='ltr'>dicem.</span> <span class='ocrx_word' id='word_1_190' title='bbox 1173 4358 1408 4432; x_wconf 75' lang='lat' dir='ltr'>collectiones</span> 
     </span>
    </p>
   </div>
   <div class='ocr_carea' id='block_1_6' title="bbox 0 0 1600 5112">
    <p class='ocr_par' dir='ltr' id='par_1_6' title="bbox 0 0 1600 5112">
     <span class='ocr_line' id='line_1_30' title="bbox 0 0 1600 5112; baseline 0 1"><span class='ocrx_word' id='word_1_191' title='bbox 0 0 1600 5112; x_wconf 95' lang='lat' dir='ltr'> </span> 
     </span>
    </p>
   </div>
  </div>
 </body>
</html>
