3172 5108
346 391 410 454 230
560 389 649 456 Moli
664 389 853 476 Scriptorum
875 389 1012 456 Votorum
1024 391 1116 456 Nono
1132 389 1281 456 Collootio.

775 675 932 740 TOMUS
957 675 1021 740 111.

431 801 541 868 Mutae
557 801 654 890 Typis
669 801 838 869 Vaticanis
853 826 1060 869 uneocxxvrn.
1077 803 1110 867 in
1124 802 1225 868 lucem
1241 803 1371 890 prodiit.

664 988 737 1054 Hoc
753 989 922 1053 Volumina
936 990 1140 1054 continentur

842 1159 924 1224 Pars
940 1159 966 1222 Ι.

353 1296 528 1354 Eennnssu
551 1295 738 1354 Buzannrrsr
754 1295 834 1355 vite
856 1297 1046 1363 Caesarum
1065 1296 1138 1354 Caio
1160 1295 1295 1374 Caligula
1316 1295 1354 1352 cd

393 1393 566 1454 blichaelem
582 1393 674 1452 v111.
692 1392 899 1473 Palaeologum.
1353 1391 1421 1470 Pag.
1438 1411 1447 1448 ι

354 1491 491 1570 Ejusdem
507 1491 673 1550 Erasmus
690 1489 848 1568 Catalogus
865 1489 1097 1550 Patrisrcharum
1120 1489 1353 1569 Byzantinornm

391 1589 427 1646 ab
442 1588 526 1647 initio
541 1588 736 1668 Episcopatus
751 1607 844 1666 usque
858 1588 895 1647 ad
909 1587 1018 1646 Christi
1034 1609 1141 1646 annum
1156 1605 1332 1646 mcccxxnr.
1398 1587 1453 1644 226

350 1685 525 1744 Mna-nonu
540 1685 678 1744 Monachi
693 1684 730 1744 de
744 1685 863 1744 vitando
877 1685 1032 1745 schismate
1046 1695 1197 1744 tractatus.
1397 1700 1452 1758 247

826 1863 908 1928 Pars
925 1865 975 1928 11.

352 2001 528 2061 Vrcuonrnr
550 2000 722 2079 Philosophi
744 2001 774 2058 in
795 1999 962 2080 Epistulam
978 1999 1064 2059 Pauli
1079 2001 1115 2060 ad
1131 2000 1250 2060 Galatas
1264 2000 1352 2060 Com-

390 2098 596 2157 mentariorum
612 2097 678 2155 libri
692 2097 760 2154 duo.
1439 2116 1449 2153 1

434 2199 514 2276 (Pag.
530 2215 567 2272 29
581 2195 698 2254 additur
712 2195 864 2272 antiquum
879 2196 1076 2274 fragmentum
1094 2207 1195 2256 contra
1209 2197 1370 2270 Hariolss)

351 2295 489 2375 Ejurdan
504 2293 533 2351 in
550 2291 715 2372 Epistulam
729 2289 766 2350 ad
782 2291 985 2372 Philippenses
999 2293 1071 2352 liber
1085 2294 1197 2352 unicus.
1415 2311 1448 2368 5¹

352 2393 488 2472 Ejusdem
506 2391 536 2449 in
551 2389 716 2470 Epistulam
730 2387 768 2447 ad
783 2389 926 2468 Ephesios
940 2389 1007 2450 libri
1022 2389 1090 2449 dno.
1414 2391 1450 2462 87

351 2490 488 2570 Ejusdem
503 2486 686 2568 Opusculum
700 2505 753 2566 pro
768 2485 923 2566 Religione
943 2486 1108 2546 Christiana
1129 2498 1229 2546 contra
1250 2485 1350 2542 Philo·

389 2587 495 2666 sophos
510 2585 652 2664 physicos.
1396 2583 1451 2656 148

350 2683 492 2742 Codicum
513 2682 624 2760 aliquot
641 2680 851 2752 Cannensium,
866 2693 897 2740 et
911 2681 931 2738 J
933 2681 1034 2760 osephi
1047 2681 1212 2741 Assemanii
1227 2701 1350 2761 operum

389 2779 566 2839 ineditorum
580 2778 668 2836 immo
683 2776 901 2856 deperditarum
915 2778 1029 2837 notitia.
1396 2778 1430 2834 16
1432 2795 1449 2852 3

350 2879 525 2936 anasnnr
541 2875 664 2934 Diaconi
680 2875 927 2954 Carthaginiensis
949 2876 1086 2955 Epistula
1106 2875 1280 2954 Dogmatica
1299 2875 1351 2934 ad·

389 2996 489 3035 versus
503 2975 644 3033 Arrianos
658 2973 787 3051 abasque
803 2973 975 3042 Haeretims,
990 2994 1026 3032 ex
1041 2973 1149 3033 Codice
1163 2975 1323 3033 Cssincnsi.
1396 2977 1451 3048 169

350 3073 493 3150 Reliquiae
508 3072 663 3130 Tractatus
677 3070 871 3148 antiquissimi
885 3069 916 3127 in
931 3071 1019 3128 Lucas
1035 3070 1238 3149 Evangelium.
1396 3090 1445 3144 rqr

350 3172 523 3230 Sermonum
538 3169 729 3228 arrianorum
746 3169 922 3246 Fragmenta
936 3168 1222 3246 antiquissimarum
1236 3170 1350 3229 refuta-

388 3267 525 3326 tionibus.
1393 3267 1448 3326 208
1567 3339 1568 3348 ¹

350 3365 526 3444 Fragmenta
549 3363 668 3442 antiqua
692 3363 751 3422 duo
775 3384 813 3422 ex
837 3363 928 3430 libris,
952 3374 987 3422 ut
1010 3363 1136 3432 videtur,
1161 3361 1350 3444 Apocryphis

390 3461 428 3520 V.
445 3461 481 3518 Τ.
525 3461 610 3540 (Psg.
627 3479 694 3538 239.
716 3459 858 3520 accedunt
879 3459 973 3518 Junu
996 3459 1131 3518 'Iratam
1156 3470 1186 3518 et
1210 3459 1347 3520 Hrnnnn

389 3556 570 3616 Arelatensis
585 3557 760 3636 Fragmenta
774 3556 857 3631 duo.)
1392 3561 1448 3637 238

349 3655 521 3713 Sermonum
537 3651 736 3730 Antiquarum
750 3651 814 3710 alis
829 3651 981 3730 Reliquias.
1393 3675 1450 3730 240

349 3751 499 3828 Litargica
514 3749 688 3827 Fragments
702 3749 830 3827 antiqua.
1392 3772 1448 3830 247

350 3849 558 3925 Fragmentum
573 3857 673 3904 contra
687 3845 837 3906 Arrianos.
1393 3870 1449 3927 249

348 3943 449 4001 Fnonr
464 3941 602 4000 Draconi
619 3943 851 4000 Lucnuunrrsrs
872 3941 1010 4022 Epistula
1031 3943 1068 4002 de
1093 3943 1227 4004 Paaltcrii
1247 3967 1347 4006 emen·

387 4039 513 4098 datione.
1392 4063 1447 4122 252

348 4141 376 4197 S.
393 4137 517 4194 Is1noa1
535 4132 677 4212 Prologus
691 4136 722 4193 in
738 4135 873 4194 Psalterii
887 4135 1053 4196 editionem.
1392 4143 1449 4218 256
1566 4167 1567 4212 3

348 4232 541 4311 Evangelium
570 4231 728 4291 sacrandum
757 4233 932 4293 ntatthaeum
961 4235 1101 4296 versionis
1129 4234 1349 4318 Antehierony-

387 4351 497 4388 mrarroe.
1390 4351 1444 4410 257
