3172 5108
345 346 408 410 158
633 340 928 407 Messallam
942 338 1151 405 Mosam.

385 596 485 662 dorici,
499 593 683 654 coloniensis
696 591 928 672 Arehiepisoopi,
939 591 1024 668 jussu
1044 588 1082 648 ed
1099 587 1203 648 Putre·
1217 583 1344 645 concilii

386 691 561 751 Basileensis
574 691 670 750 misse.
1384 682 1437 756 678

345 789 456 847 ΕΜ
470 788 587 846 Sruvn
596 785 728 846 Libellus
741 785 932 864 dialogorum,
943 783 980 842 de
993 784 1151 842 outoritese
1164 780 1345 860 geuerelium

385 884 580 943 Consiliorum
603 895 634 943 et
655 883 745 962 gestis
763 881 974 941 Basileonsium
996 879 1131 959 seriptum,
1157 899 1191 936 eo
1214 877 1346 956 responsi

385 981 450 1040 looo
473 979 510 1039 sd
530 979 712 1060 superiorum
732 979 906 1038 sententium
931 977 1153 1036 coloniensibus
1174 975 1345 1034 submissus.

386 1077 490 1138 Prodit
500 1097 578 1138 nuno
588 1077 714 1158 primum
725 1077 756 1135 in
770 1076 864 1136 luoem
875 1095 913 1136 ex
926 1077 1003 1135 binis
1016 1095 1105 1134 menn
1118 1074 1245 1135 exoretis
1258 1071 1344 1132 oodd.

388 1175 536 1234 Cesureis.
1386 1169 1441 1228 686

347 1273 457 1331 AEuss
471 1271 589 1330 Sruvrr
603 1270 703 1330 eudem
718 1271 755 1330 de
768 1291 800 1330 re
813 1270 851 1332 od
866 1271 1055 1348 Hertuugum
1070 1268 1230 1349 Capellam,
1246 1267 1345 1347 lmpe-

388 1368 477 1426 rstori
492 1366 641 1426 Fridsrioo
656 1367 714 1426 lll.
730 1367 889 1433 useoretis,
904 1367 1035 1446 epistole,
1050 1367 1190 1426 haetenus
1203 1364 1325 1423 inedito.
1388 1377 1442 1438 790

347 1463 490 1524 Aurorur
513 1464 666 1524 Bossmn
689 1463 837 1530 Proefutio,
859 1483 937 1522 nuuc
956 1463 1082 1543 primum
1099 1461 1227 1540 vulgata,
1244 1460 1347 1518 Philo-

388 1561 472 1622 strati
486 1561 606 1620 senioris
626 1561 772 1640 operibus,
786 1561 817 1618 in
831 1561 970 1619 Latinum
986 1581 1147 1622 sermonem
1168 1561 1204 1620 ab
1224 1580 1260 1618 eo
1277 1579 1348 1618 oon·

388 1657 475 1718 versis
499 1657 626 1737 prefixa,
647 1657 684 1716 ud
705 1657 850 1718 Mathium
872 1657 1032 1716 Corvinum
1054 1657 1214 1736 Hungsriae
1234 1656 1347 1734 Regem

388 1753 425 1814 de
439 1754 525 1813 rebus
539 1755 570 1812 io
584 1753 707 1814 Austris
720 1766 822 1814 contre
836 1755 911 1834 Imp.
926 1754 1107 1814 Fridericum
1120 1753 1179 1813 111.
1194 1753 1348 1815 abeodem

388 1849 487 1929 gestis.
1390 1850 1443 1907 διο

349 1946 469 2028 Sylloge
491 1947 693 2027 diplomatum,
717 1949 890 2015 litterarum.
915 1948 1058 2008 Actorum
1082 1949 1264 2029 publicorum
1290 1950 1345 2007 &e

389 2065 512 2122 quorum
535 2044 702 2104 testimonio
726 2055 757 2104 et
777 2043 835 2104 fide
855 2065 901 2104 res
914 2044 1086 2114 Austrisoae.
1102 2046 1279 2124 Hungurioae
1294 2049 1346 2105 llo.

389 2143 426 2201 eb
453 2141 535 2220 Imp„
551 2140 700 2200 Fridsrioo
727 2161 819 2219 usque
843 2140 880 2200 sd
904 2161 1012 2200 annum
1037 2160 1234 2202 crocccounr.
1256 2153 1349 2220 gestoe

390 2239 421 2298 in
446 2239 546 2318 primis
567 2239 724 2308 nituntur3
752 2239 849 2298 omnis
873 2259 951 2298 nuno
974 2239 1099 2318 primum
1122 2239 1244 2298 oolleets
1263 2251 1295 2298 et
1317 2239 1350 2297 iu

390 2336 486 2396 lucem
500 2334 622 2415 prolato.
1391 2337 1446 2412 ⁸²7

833 2467 961 2538 XXX.

394 2605 504 2670 Editio
533 2605 684 2670 Lueensis
708 2605 837 2670 Bahali
861 2603 1124 2671 Miscellosoomm
1153 2607 1296 2672 eolleolio
1321 2615 1447 2673 tontum
1564 2689 1565 2692 Ἴ

350 2730 414 2773 nou
435 2731 518 2774 novo
537 2715 596 2773 est.
641 2707 851 2776 Dootissimus
872 2709 956 2774 euim
978 2709 1090 2788 editor,
1106 2709 1250 2773 Jossuss
1272 2711 1449 2774 Douuucus

353 2810 760 2896 Msus1‚pormultoomnis
781 2811 906 2897 generis
928 2811 1049 2876 inedito
1070 2819 1274 2876 monumento
1290 2835 1364 2897 quae
1379 2813 1449 2877 heo·

351 2921 445 2978 tenus
469 2913 501 2977 in
526 2913 724 2978 bibliothecis
749 2912 870 2980 Italicis
893 2913 1063 2990 latuerant,
1087 2913 1218 3000 singulis
1239 2913 1449 2979 voluminibus

351 3015 493 3080 inseruit.
539 3015 616 3080 Alio
629 3037 727 3081 eausa
743 3022 794 3081 est
808 3037 865 3081 our
885 3017 1005 3081 indioes
1026 3015 1120 3102 hujus
1141 3017 1289 3082 editionis
1309 3017 1449 3104 integros

351 3117 537 3197 describam,
561 3119 646 3204 quod
671 3119 709 3184 ol.
736 3118 867 3206 litigius
890 3119 923 3182 in
949 3141 1006 3183 ruo
1028 3119 1184 3184 Tmolstu
1207 3119 1247 3183 de
1271 3119 1356 3184 Bibl.
1384 3121 1448 3184 ΡΡ.

351 3243 384 3306 p.
399 3240 527 3307 310-33
530 3241 560 3306 5.
584 3223 722 3308 quinque
749 3221 942 3286 oolleotionis
964 3221 1144 3287 Baluzienae
1168 3229 1273 3287 tomos
1295 3233 1447 3300 reeensel,

351 3330 508 3409 preterea
530 3323 667 3388 nullum:
699 3331 812 3410 utpote
836 3346 907 3390 oum
931 3325 1010 3388 tomi
1036 3325 1108 3403 duo,
1135 3331 1245 3390 sextus
1271 3325 1395 3390 seilicet
1419 3335 1449 3389 ot

351 3425 513 3510 septimus,
529 3432 602 3512 poet
616 3427 685 3510 ejus
699 3427 822 3492 obitum
835 3427 937 3490 luoem
952 3428 1175 3512 udspexemut.

353 3611 524 3706 Stephani
552 3613 688 3685 Baluzii
716 3614 915 3686 Tutelensis
943 3615 1175 3686 Miscellanea
1204 3639 1297 3686 novo
1329 3619 1450 3687 ordine

426 3729 564 3824 digesto
580 3739 618 3799 et
635 3753 706 3800 non
723 3733 843 3824 pauois
860 3732 1002 3802 ineditis
1020 3730 1267 3802 Monumentis
1284 3743 1451 3824 opportu-

426 3846 550 3937 nisque
578 3843 952 3918 Animadversionibus
980 3855 1085 3916 aucta
1116 3846 1235 3939 Opera
1261 3871 1303 3918 oe
1333 3849 1450 3918 studio

426 3959 574 4031 Josnuis
593 3961 770 4032 Dominioi
789 3962 909 4033 Mensi
929 3961 1108 4033 Lucensis.
1160 3961 1292 4034 Tomus
1312 3957 1451 4033 Primus

426 4079 610 4148 continens
646 4077 885 4149 Monumenta
913 4077 1093 4148 Historias
1127 4087 1205 4148 tum
1239 4101 1339 4150 saera
1375 4089 1450 4148 tum

424 4194 580 4286 profanu„
664 4193 769 4264 Lueae
811 4215 985 4265 unocuxr.
1063 4192 1172 4287 Apud
1216 4194 1449 4266 Vincentium

425 4309 659 4380 Junotinium.
724 4308 953 4402 Superiorum
989 4308 1177 4380 Pennissu.
1240 4310 1451 4402 Sumptibus

423 4423 571 4494 loannis
590 4424 798 4494 Riooomini.
