3164 5104
350 339 394 406 90
540 336 1087 423 namcmmrarm
1104 336 1248 402 caca.

755 777 758 790 .
820 729 954 807 XIII.

394 914 517 978 Eodem
545 921 689 999 tompore
720 913 761 976 D.
785 912 964 976 Eunuunua
995 913 1154 975 Mirraun
1182 921 1216 977 at
1245 912 1288 976 D.
1310 913 1454 976 Ursinus

352 1015 499 1094 Dumna,
523 1017 577 1100 qui
598 1017 667 1100 jam
691 1015 733 1078 ab
757 1014 903 1078 omnibus
928 1035 1035 1078 rarum
1058 1014 1358 1080 Ecclesiasticarum
1384 1025 1454 1080 atn-

351 1116 448 1182 dioais
472 1117 645 1181 maximam
670 1115 807 1180 inierant
831 1114 980 1200 gratiam,
1006 1115 1110 1180 altaro
1134 1115 1288 1181 beneficio
1311 1117 1345 1180 in
1370 1139 1456 1181 ram·

350 1219 508 1304 publicam
522 1217 697 1282 literariam
712 1217 828 1281 collato
842 1217 977 1302 gloriam
991 1217 1051 1280 sibi
1066 1217 1278 1282 cumularunt.
1309 1217 1456 1282 Thesau-

349 1342 421 1386 rum
444 1341 560 1384 novum
584 1319 833 1396 Anoodotorum,
859 1319 899 1384 da
924 1341 988 1403 quo
1017 1340 1115 1403 cupra
1142 1319 1189 1404 (p.
1212 1321 1292 1401 4-9)
1316 1320 1454 1404 agimur,

357 1423 493 1486 Veterum
514 1421 704 1505 Smpioram
724 1419 925 1504 Ampliaimc
949 1419 1084 1484 Oollcctic
1109 1419 1244 1505 cxoopit.
1290 1419 1374 1484 Haec
1396 1422 1455 1484 illo

350 1523 493 1609 quamvia
508 1521 604 1606 duplo
624 1520 689 1584 scra
708 1521 820 1604 major,
836 1541 874 1584 ac
896 1541 1009 1582 novam
1031 1519 1127 1584 tomis
1147 1519 1269 1582 infolio
1284 1521 1453 1600 distinctu,

349 1627 436 1690 haud
459 1624 579 1689 diutius
602 1643 660 1686 noa
685 1621 872 1686 morabitur.
917 1621 1043 1685 Titulus
1067 1621 1152 1685 anim
1175 1621 1372 1707 ungulorum
1397 1645 1456 1686 ro-

349 1726 511 1803 luminum,
538 1724 680 1808 oxccptia
709 1723 821 1808 quinto
849 1743 1004 1808 nonoque,
1031 1729 1184 1788 contenta
1211 1724 1291 1788 antia
1315 1724 1453 1789 indicat.

350 1829 451 1893 Primi
466 1826 557 1891 Tomi
577 1825 691 1890 titulus
709 1831 777 1890 cat:

351 2043 526 2116 Votorum
545 2044 764 2136 Scriptorum
782 2053 819 2114 ct
838 2044 1156 2115 Monumentorum
1175 2043 1454 2127 Historicorum

423 2157 725 2250 Dogmaticorum,
768 2158 972 2242 Moralium,
1010 2160 1226 2253 amplissima
1262 2159 1455 2232 Collectio.

422 2272 555 2343 Tomus
577 2272 606 2343 I.
628 2273 867 2366 complectens
894 2274 1035 2368 Regum
1061 2283 1098 2345 et
1122 2274 1335 2368 Principum,
1363 2275 1458 2345 alio-

422 2411 571 2480 rumque
585 2387 755 2460 Virorum
774 2389 972 2459 Illustrium
989 2389 1166 2482 Epintolaa
1186 2399 1223 2460 et
1241 2390 1458 2482 Diplomata

422 2503 513 2573 benc
532 2503 656 2574 multa.
709 2503 845 2574 Prodiit
868 2527 962 2574 nunc
979 2506 1133 2596 primum
1151 2505 1268 2574 rtudio
1286 2513 1323 2575 ct
1340 2528 1457 2598 opera

423 2617 555 2688 Domni
586 2621 765 2690 Edmundi
792 2619 969 2702 Martene,
997 2628 1034 2688 et
1062 2619 1196 2689 Domni
1223 2619 1343 2691 Ursini
1371 2619 1458 2692 Du-

422 2735 518 2816 rund,
541 2733 830 2827 Presbyterorum
858 2745 896 2804 et
914 2733 1175 2804 Monachorum
1199 2733 1460 2806 Benedictino-

422 2871 500 2918 rum
534 2873 555 2919 c
590 2849 872 2943 Congregatione
908 2849 945 2920 S.
971 2849 1103 2922 Mauri.
1155 2850 1307 2932 Parisiia
1334 2849 1456 2943 Apud

424 2965 640 3048 Montalant,
658 2968 703 3038 ad
727 2965 856 3058 Ripam
875 2964 947 3034 ΡΡ.
966 2964 1318 3060 Augustinianorum,
1335 2989 1456 3060 prope

422 3079 574 3150 Pontem
601 3080 637 3150 S.
657 3079 855 3152 Michaelis.
881 3100 1090 3151 Moccxxw.
1134 3080 1226 3152 Cum
1254 3080 1456 3176 Privilcgio

421 3195 530 3288 Regis
546 3203 584 3265 ct
601 3193 829 3287 Supan'orum
848 3194 1036 3266 PannIssu.

774 3445 939 3509 TOMUS
964 3445 1013 3508 ΙΙ.

389 3621 428 3684 ln
457 3643 520 3706 quo
549 3619 753 3685 continentur
776 3617 899 3684 Vetera
930 3619 1141 3682 Monumenta
1170 3617 1349 3703 Imperialia
1375 3620 1456 3685 Mo-

344 3722 470 3785 ncctcrii
495 3721 688 3786 Stchchaaic.
735 3720 884 3784 Wraacm
914 3721 1054 3784 Abbatia
1084 3719 1282 3784 Stabulonsir
1311 3729 1345 3784 ct
1369 3721 1456 3786 Gor-

344 3821 479 3886 bcionsis
501 3823 534 3886 in
557 3821 697 3887 Saxonia
721 3822 884 3906 Epistolae.
929 3822 1118 3885 Acnxannru
1140 3821 1238 3884 Pura
1253 3821 1318 3884 Ill.
1334 3821 1455 3908 Regia-

345 3931 431 3988 trum
446 3923 651 4008 epistolarum
666 3945 725 4009 pro
740 3923 888 3987 Ramenai
904 3923 1081 3988 Provincia.
1116 3923 1270 4008 Epistola
1285 3923 1456 3990 variorum

344 4027 386 4091 ad
410 4025 560 4090 Sancum
584 4026 816 4090 Hunncaannrr
839 4046 911 4089 cum
936 4026 1095 4110 responsis
1123 4026 1166 4089 ad
1191 4025 1330 4089 academ.
1372 4026 1455 4090 Far-

345 4151 445 4191 aarum
461 4127 506 4191 II.
527 4127 736 4212 Imperatoria
758 4127 899 4212 epistolae
923 4127 1017 4190 variae
1041 4149 1113 4190 curn
1137 4127 1325 4190 Summariia
1351 4129 1455 4212 privi-

344 4230 496 4315 legiorum
521 4229 659 4294 ecolcaiae
681 4229 834 4293 Romanae
859 4235 893 4292 at
916 4229 1105 4313 quibusdam
1129 4229 1264 4293 aliorum
1291 4229 1453 4314 epistolia,

344 4351 428 4394 anno
443 4353 609 4394 uoccxxrv.
625 4330 657 4392 in
672 4330 772 4394 lucam
788 4329 920 4393 emissus
934 4337 993 4394 cat.
