3164 5104
329 359 391 424 146
651 357 894 423 emesam
908 356 1106 442 mmm.

655 691 820 756 TOMUS
847 689 1106 754 SECUNDUS.

489 875 673 940 Fasciculus
688 875 816 940 Primus
830 897 915 940 anno
928 897 1085 940 crememur
1099 874 1205 940 editus
1218 881 1283 940 eat.

375 1061 477 1126 Index
500 1060 776 1140 monimentorum,
803 1083 874 1146 quae
896 1059 1000 1146 primo
1024 1061 1085 1124 hoc
1110 1061 1239 1125 secundi
1267 1059 1453 1124 voluminis

330 1163 479 1228 lssoieulo
492 1163 704 1227 eontinentur.

331 1325 355 1384 1.
377 1323 514 1382 dossum
536 1323 655 1382 Goomr
675 1323 712 1383 de
732 1323 968 1383 scholasticorum
989 1323 1105 1402 scriptis
1126 1333 1157 1382 et
1178 1322 1340 1400 religuo-

370 1441 435 1480 rum
450 1421 521 1480 votis
536 1420 671 1501 Epistola
684 1420 885 1501 Apologeticc.
1338 1419 1419 1498 Pag.
1436 1437 1446 1476 r

331 1519 373 1577 11.
389 1518 427 1575 N
430 1537 530 1578 rcoaar
541 1519 686 1578 Wrosun
702 1518 739 1576 de
752 1517 850 1576 valore
863 1516 1110 1596 indulgentiarum
1125 1515 1265 1576 adversm
1275 1515 1340 1574 Jo-

369 1634 473 1674 annem
489 1615 621 1674 Humum
636 1613 806 1694 disputatio.

330 1711 391 1769 111.
413 1711 566 1768 Asanam
583 1710 782 1769 Euosnsrsr
796 1708 955 1789 Speculum
969 1729 1101 1770 aureum.

409 1885 593 1951 Fasciculus
608 1887 772 1952 Secundus
785 1909 870 1952 anno
884 1909 1063 1951 momoemv
1077 1885 1179 1951 lucem
1193 1886 1365 1971 adspexit.

329 2043 354 2100 1.
378 2041 516 2100 Formula
530 2041 726 2102 Examinandi
740 2043 897 2104 Bohemos.
1334 2041 1416 2120 Peg.
1433 2061 1445 2098 r

330 2139 371 2198 11.
392 2137 504 2196 Jacom
525 2137 773 2200 Junrsnsunon
797 2140 834 2200 de
857 2139 976 2220 Septem
992 2139 1131 2199 Ecclesiae
1152 2140 1278 2198 statibus
1298 2138 1334 2196 in

368 2233 532 2315 apocalypsi
547 2233 699 2315 descriptis
713 2235 750 2296 de
769 2239 943 2296 auctoritate
961 2236 1088 2296 ccclesia
1101 2237 1222 2314 ejusque
1235 2236 1331 2294 refor-

367 2331 495 2390 matione
509 2331 691 2408 opusculum.
1407 2353 1424 2390 α
1427 2351 1447 2408 3

327 2429 387 2486 111.
420 2427 532 2488 Jneom
561 2427 810 2488 Junreaaunerr
843 2429 880 2488 de
914 2427 1104 2509 Negligentia
1135 2429 1331 2489 Praelatorum

366 2525 548 2603 opuseulum.
1403 2529 1445 2604 67

327 2621 380 2678 lv.
400 2620 541 2680 Jonnnrs
555 2641 597 2680 ns
611 2621 764 2680 Wnsnms
778 2621 815 2681 de
828 2621 1016 2681 Auctoritate
1029 2623 1123 2682 officio
1137 2636 1168 2682 st
1182 2633 1332 2704 potestate

366 2728 515 2797 pastorum
530 2717 787 2778 ecclesiasticorum
802 2717 983 2795 opusculum.
1381 2741 1420 2780 rr
1426 2740 1446 2797 5

328 2814 366 2874 V.
387 2815 500 2876 Jacom
515 2815 536 2874 J
539 2833 765 2874 onrsnsunon
780 2815 817 2874 de
832 2815 1022 2894 indulgentiis
1037 2815 1195 2876 Tractatio.
1380 2820 1444 2894 163

787 3062 977 3137 XXVIII.

371 3227 462 3292 Nove
480 3228 579 3293 editio
596 3227 715 3292 Oodiois
728 3227 942 3313 Repulumeml
965 3229 1063 3314 priori
1083 3229 1176 3315 longe
1196 3227 1332 3306 auctior,
1350 3250 1445 3313 quac,

326 3353 347 3395 a
363 3330 519 3396 Macrino
534 3330 672 3394 Bnoomr
694 3329 863 3408 illustrata,
879 3351 964 3396 anno
985 3355 1125 3398 momnis.
1145 3332 1247 3398 lucem
1268 3333 1444 3418 adspexit,

327 3432 411 3496 inter
421 3431 630 3498 Collectiones
643 3431 704 3497 hoc
717 3453 818 3518 genus
830 3431 1070 3498 Ecclesiasticus
1084 3435 1188 3499 locum
1202 3435 1262 3499 sibi
1276 3435 1445 3502 vindieat.

328 3535 454 3600 Titulus
469 3543 537 3612 est;

330 3721 439 3794 Luoae
462 3722 641 3794 Holstenii
659 3723 843 3796 Vsticcnae
861 3723 1020 3795 Basilicas
1038 3723 1207 3796 Canonici
1230 3733 1268 3796 et
1294 3725 1446 3798 Biblio-

402 3837 518 3911 thecae
547 3839 713 3909 Praefecti
743 3839 867 3909 Codex
896 3839 1114 3934 Regularum
1145 3839 1444 3914 Monosticarum

401 3961 439 4022 et
457 3953 713 4024 Canoniearum
730 3977 816 4046 quas
838 3954 903 4026 SS.
917 3955 1041 4027 Patres
1060 3956 1257 4038 Monaehis,
1276 3957 1447 4028 Canoni-

401 4070 452 4139 cis
477 4077 514 4140 et
536 4069 745 4164 Virginibus
769 4071 1102 4142 Sanctimonielibus
1126 4073 1315 4143 servandas
1339 4097 1445 4166 prae-

400 4186 623 4277 scripsemnt.
685 4185 865 4258 Colleotus
897 4187 981 4258 olim
1008 4213 1029 4258 a
1057 4189 1093 4259 S.
1112 4189 1311 4260 Benedieto
1339 4189 1445 4258 Ani-

390 4397 396 4434 ¹
415 4393 454 4444 De
464 4397 537 4459 priori
548 4397 653 4448 editione
663 4399 824 4449 consnlendus
834 4411 871 4450 est
883 4400 988 4464 lttigins,
1001 4401 1030 4450 dc
1042 4401 1204 4463 Bibliothecia,
1216 4419 1240 4464 p.
1250 4399 1374 4464 651-655.
