3172 5108
424 385 553 450 nanzo
567 393 595 450 n
609 383 718 450 Mnnsr'
732 385 943 450 Miscellrnoo.
1173 386 1238 449 185

461 579 465 590 '
565 593 722 661 uolnus
746 594 820 659 1v..

170 731 333 797 Elcncbus
348 753 457 796 corum
473 754 544 816 quae
559 731 592 795 in
607 754 650 795 ιν.
666 738 700 796 et
715 730 828 794 ultimo
843 729 969 794 Tomos
988 729 1200 794 continentur.

131 885 268 943 Historia
283 884 458 943 Mouasterii
473 883 651 962 Figiaccnsis
665 882 694 941 in
711 882 840 941 Dioecesi
854 881 1041 940 Cadurcensi.
1134 883 1205 962 Pag.
1221 904 1232 941 1

95 981 98 988 ’
132 981 376 1060 Eloquentissimi
392 980 456 1039 Viri
476 980 646 1038 Lnousnnr
664 980 835 1037 Annuurru
858 978 961 1036 Oratio
982 978 1013 1036 in
1032 979 1136 1038 funere

175 1079 292 1138 Naunis
307 1079 418 1136 Strozae
434 1079 553 1155 Equitis
568 1077 740 1135 Florentini.
1219 1097 1235 1134 2

134 1177 251 1236 Ponun
268 1175 431 1233 Florentini
446 1175 550 1233 Oratio
564 1175 594 1232 in
609 1175 712 1232 funere
726 1173 872 1232 Leonardi
887 1171 1030 1230 Arretini.
1218 1174 1235 1230 8

134 1274 295 1333 Generatio
315 1271 465 1331 Guillelmi
481 1270 625 1338 Bastardi,
641 1282 671 1329 et
685 1269 866 1347 quorundam
881 1268 1002 1327 aliorum
1016 1289 1134 1348 magno-

175 1391 252 1428 rum.
1202 1391 1233 1429 11

134 1465 273 1546 Epistola
287 1465 434 1526 Haruucr
451 1467 492 1525 11.
509 1467 599 1546 Regis
618 1465 734 1545 Angliac
753 1465 790 1525 de
809 1465 940 1524 custodis
958 1466 1080 1524 abbatim
1104 1467 1135 1526 S.

177 1563 198 1620 J
200 1562 291 1621 uliani
306 1563 495 1623 Turonensis.
1201 1584 1236 1622 ra

134 1659 254 1719 Notitia
268 1659 305 1718 dc
319 1659 461 1718 electione
475 1659 600 1720 Abbatis
617 1661 770 1720 vosiensis.
1167 1662 1237 1721 ibid.

135 1757 259 1816 Littera
270 1757 464 1816 cinnamis
479 1757 535 1816 VI.
551 1757 588 1816 de
602 1757 783 1837 Episcopatu
798 1757 927 1816 Ostiensi
942 1758 1048 1818 collato
1070 1759 1136 1818 Ste-

178 1854 274 1933 phano
288 1853 435 1912 Cardinali
449 1855 530 1914 tituli
546 1855 719 1913 Sanctorum
734 1854 877 1914 Jobannis
891 1865 921 1914 ct
937 1855 1032 1914 Pauli.
1202 1875 1236 1932 13

605 2005 764 2071 Oormina.

137 2140 276 2197 Aucurru
292 2138 427 2198 Carmina
440 2136 575 2218 ponenda
588 2137 618 2195 in
632 2137 757 2215 quodam
772 2137 880 2198 Codice
896 2139 990 2198 Sacrae
1006 2139 1173 2219 Scripturas.
1202 2159 1238 2215 13

137 2233 336 2293 Wsusnsrnr
352 2235 474 2294 Srnsar
489 2234 526 2293 de
540 2233 666 2292 Basilica
684 2233 799 2294 condita
813 2255 830 2293 a
844 2235 948 2315 Bugge
968 2235 1027 2294 filia
1048 2236 1137 2316 Regis

178 2329 306 2408 Angliae.
1203 2349 1239 2402 14

139 2426 288 2484 Ruinam
305 2426 416 2484 Mausr
431 2425 468 2484 ad
483 2425 668 2484 Heistulsum
683 2423 953 2504 Archiepiscopum.
1167 2425 1239 2485 ibid.

139 2522 324 2582 Fuooossnr
342 2521 509 2602 Presbyteri
524 2521 683 2580 Remcnsis.
1169 2519 1239 2579 ibid.

140 2620 346 2678 Tnsooomcr
362 2619 388 2676 l.
405 2619 544 2698 Episcopi
558 2617 712 2677 Metensis.
806 2654 808 2662 .
1166 2617 1238 2676 ibid.

139 2717 376 2776 Ansussnorus
391 2717 434 2775 11.
450 2715 590 2796 Episcopi
605 2716 758 2775 Metensis.

140 2813 323 2872 Gauzonrru
350 2812 569 2892 Arclriepiscopi
599 2812 800 2882 Bituricensis,
823 2821 853 2870 ct
878 2811 1001 2870 Abbatis
1027 2811 1139 2870 Floria-

180 2910 284 2969 censis.

138 3004 280 3065 Vrcsars
295 3005 420 3066 Abbatis
434 3006 671 3086 savigniacensia

139 3102 286 3161 Cononis
300 3103 439 3182 Episcopi
453 3104 570 3161 incertae
585 3104 688 3162 aetatis.

140 3199 267 3258 Carmen
282 3201 312 3258 in
325 3199 441 3259 laudem
457 3200 487 3258 S.
500 3199 633 3259 Anselmi
648 3199 868 3280 Arcbiepiscopi
884 3199 1109 3259 Cantuariensis.
1169 3198 1240 3257 ibid.

139 3295 306 3376 Epicedion
321 3297 350 3354 in
366 3297 479 3356 obitum
495 3297 634 3374 ejusdcm.

139 3391 301 3452 Accusatio
315 3403 415 3452 contra
430 3393 548 3451 Heliam
564 3393 743 3473 Episcopum
757 3393 1008 3454 Aurelianensem.

141 3489 331 3568 Indulgentis
355 3489 422 3548 data
444 3489 585 3550 Ecclesiis
608 3489 848 3550 Cluniacensibus
873 3491 966 3550 ltaliae
989 3513 1006 3550 a
1029 3491 1141 3549 Purso

182 3587 301 3647 Abbate
316 3588 510 3647 Cluniacensi.
1170 3587 1241 3646 ibid.

140 3685 279 3766 Epistola
294 3686 410 3745 Prioris
424 3685 601 3765 Argonensis
614 3685 651 3744 cd
671 3685 792 3744 Petrum
808 3684 953 3745 Abbatem
969 3685 1140 3744 cluniacen·

183 3803 253 3842 sem.
1173 3781 1243 3840 ibid.

141 3877 221 3938 Acta
234 3879 272 3939 de
286 3880 470 3939 matrimonio
485 3878 610 3938 Amedci
621 3877 679 3937 IV.
691 3879 815 3938 Comitis
830 3878 982 3938 Sabaudiae
997 3899 1062 3938 cum
1078 3880 1142 3938 Cae·

184 3976 249 4036 cilia
263 3975 323 4034 filia
338 3975 463 4034 Barralli
478 3975 514 4035 de
530 3978 620 4034 Baua.
1208 3995 1244 4052 ¹9

143 4071 292 4132 Formulae
306 4083 427 4132 veteres.
1206 4091 1243 4128 20

143 4169 319 4228 Hrncusm
339 4167 559 4249 Archiepiscopi
580 4169 732 4230 Remensis
751 4171 886 4252 Epistola
905 4171 942 4230 ad
961 4172 1143 4232 Ludovicum

186 4265 246 4324 111.
262 4265 373 4344 Regem
390 4265 567 4324 Francorum
582 4266 618 4326 de
632 4267 773 4328 electione
788 4269 927 4349 Episcopi
942 4269 1136 4330 Belvnccnsis.
1207 4283 1241 4339 23

447 4457 461 4494 n
478 4445 529 4504 Qui
541 4461 606 4496 anno
618 4459 770 4496 unccuxrv.
784 4447 896 4512 vrdgstus
906 4459 950 4498 est.
