3172 5108
351 373 416 434 240
697 369 785 432 Maii
802 367 929 434 Classici
943 372 1097 435 Amores.

352 541 492 621 Ejusdem
503 541 625 598 formose
640 539 793 598 Paucorrr
808 549 919 618 partem
932 541 1141 600 Commentarii
1156 541 1186 600 in
1199 543 1355 603 Canticum

392 637 565 697 Salomonis.
1311 641 1382 719 Pag.
1396 642 1460 717 348

351 734 469 794 Scholia
487 744 587 792 vetera
608 731 711 792 Graeca
732 733 761 791 in
784 734 961 794 lllatthaeum
984 747 1014 794 et
1039 737 1171 796 Marcum
1197 758 1233 797 er
1256 737 1355 797 codice

391 830 497 890 Saeeuli
513 829 554 890 X.
819 837 821 841 ’
1314 849 1458 912 379-,500

676 959 715 1024 In
730 959 831 1026 Tomo
848 963 915 1026 IX.
931 963 1126 1028 collocantur

352 1082 503 1142 Pnocorn
529 1083 638 1141 Gazam
668 1082 807 1142 Rhetoria
832 1083 1066 1143 Commentarius
1090 1085 1192 1164 ingens
1216 1085 1247 1142 in
1273 1083 1353 1142 Salo·

392 1181 486 1239 monis
501 1180 667 1239 Proverbia.
1358 1182 1457 1256 1-256

353 1278 633 1337 Commentariorum
649 1277 679 1336 in
694 1277 848 1338 Canticum
870 1277 1034 1337 Salomonis
1051 1277 1194 1337 Collectio
1209 1298 1243 1338 ex
1258 1277 1353 1336 diver-

393 1373 433 1432 sis
448 1373 593 1442 Patribus,
609 1345 681 1432 cuss
698 1375 853 1434 Pnocorrr
870 1375 987 1432 Gaznr.
1030 1377 1106 1433 Sunt
1127 1385 1225 1434 eutem
1250 1375 1354 1432 Patres

393 1471 442 1528 hi:
479 1470 662 1550 Anonymus,
691 1470 882 1551 Apollinaris,
911 1472 1039 1552 Cyrillus
1066 1471 1162 1540 Alex,
1196 1470 1353 1550 Didymus,

394 1567 541 1626 Eusebius
555 1569 639 1637 ees,
658 1568 817 1646 Gregorius
832 1568 995 1648 Nyssenus,
1012 1567 1151 1637 Isidorus,
1166 1567 1266 1634 Nilus,
1282 1567 1352 1626 Ori·

392 1683 489 1742 genes,
506 1663 593 1722 Philo
607 1663 791 1744 Carpathius,
807 1665 968 1746 Procopius
982 1665 1115 1736 Gaaaeus,
1138 1665 1353 1731 Theodoretus,

393 1761 583 1841 Theophilus.
1315 1781 1456 1837 257-430
1578 1737 1579 1748 ³

351 1858 483 1916 Additur
497 1860 599 1916 Caaer
614 1858 821 1936 fragmentum.
1395 1878 1456 1933 430
1579 1905 1580 1910 ,

351 1955 468 2014 Scholia
492 1967 591 2014 vetera
615 1955 717 2014 Graeca
744 1955 773 2014 in
802 1955 911 2016 Lucam
941 1967 971 2016 et
994 1957 1158 2016 Johannem
1183 1975 1219 2014 ex
1244 1955 1353 2014 Codice

394 2051 497 2110 Saeculi
512 2051 553 2110 X.
1310 2071 1454 2128 431-512

353 2149 520 2208 Ganuonu
537 2147 718 2208 Passurus
732 2150 896 2209 chronicon
917 2150 1023 2216 minus,
1036 2169 1101 2208 cum
1115 2149 1223 2230 praeria
1235 2150 1352 2208 notitia.

393 2248 469 2305 Sunt
483 2247 595 2325 paginae
610 2265 675 2323 ¹03·
1396 2266 1455 2324 594
1581 2302 1582 2306 ,

689 2429 730 2492 ln
745 2427 846 2492 Tomo
862 2427 907 2491 X.
925 2427 1129 2492 continentur

353 2566 382 2622 S.
394 2564 537 2623 Crnrnur
559 2564 735 2624 Patriarchae
753 2562 945 2623 Alexandrini
968 2562 1201 2622 Commentarius
1216 2563 1247 2620 in
1262 2563 1352 2621 Lucae

392 2661 598 2741 Evangelium,
622 2683 658 2722 ex
680 2662 778 2723 codice
803 2661 993 2721 Bibliothecae
1016 2662 1172 2730 Vaticana,
1196 2681 1226 2740 p.
1242 2679 1351 2734 1-407.

393 2760 564 2839 Rursusque
578 2781 612 2820 ex
632 2761 690 2820 alio
704 2759 811 2830 codice,
827 2780 857 2838 p.
868 2759 1017 2834 501-546.
1060 2757 1162 2816 Tertio
1183 2777 1218 2816 ex
1238 2759 1352 2816 Catenn

393 2856 464 2916 Vat.
486 2857 517 2915 in
538 2857 710 2937 Prophetas,
724 2877 752 2936 p.
764 2855 915 2932 605-607.
958 2855 1073 2926 Quarto
1094 2873 1129 2912 ex
1151 2853 1208 2912 alia
1229 2856 1351 2924 Catena,

391 2974 421 3032 p.
434 2955 584 3030 coa-613.
629 2953 714 3029 (Alie
736 2953 843 3032 Operis
868 2972 919 3012 sex
941 2951 1103 3030 fragmenta
1124 2961 1193 3010 sunt
1209 2951 1241 3009 in
1256 2951 1354 3008 Tomo

393 3052 450 3110 IX.
474 3053 578 3132 Script.
598 3051 669 3112 Vet.
690 3071 719 3130 p.
734 3055 816 3129 741.)
859 3051 935 3109 Item
960 3049 1085 3128 cy'nsdcm
1108 3049 1248 3107 Curram
1272 3047 1353 3126 frag-

391 3160 490 3208 menta
505 3148 712 3215 Homiliarum,
727 3167 757 3226 p.
770 3149 919 3224 546-553.

352 3249 474 3306 Savum
500 3245 676 3304 Potriarchre
699 3244 877 3304 Antiocheni
902 3243 1044 3320 Reliquiae
1068 3241 1352 3299 Commentariorum

392 3343 422 3400 in
436 3343 557 3412 Lucem,
571 3361 601 3418 p.
613 3342 764 3417 408-457.
808 3340 989 3416 Rursusque,
1005 3359 1033 3418 p.
1047 3352 1198 3412 470-473.

351 3441 475 3499 Snvnnr
494 3439 619 3519 ejusden
637 3459 672 3497 ex
687 3437 903 3496 Commentario
917 3437 947 3494 in
963 3435 1031 3495 Act.
1046 3435 1152 3516 Apost.
1168 3435 1242 3514 Cap.
1254 3433 1298 3492 11.
1315 3434 1353 3494 de

393 3537 575 3596 Pentecoste.

351 3635 511 3694 Oaronnrs
525 3633 688 3710 fragmenta
700 3631 731 3689 in
746 3631 866 3690 Lucam.

351 3729 489 3790 Eunoen
505 3729 679 3788 Patriarohae
694 3727 780 3786 Alex.
795 3727 999 3806 fragmentum.

350 3829 504 3887 Dronrsrr
521 3825 696 3884 Patriarchae
710 3824 797 3884 Alex.
812 3824 1019 3903 fragmentum.

350 3925 514 3982 Curarem
530 3921 567 3981 de
582 3922 760 3981 Poenitentia
774 3922 969 3999 fragmentum
985 3921 1128 3979 Graccum.

351 4021 518 4080 Euarcnrr
535 4019 709 4076 Patriarchae
724 4017 1040 4098 Constantinopolitani
1055 4019 1259 4095 fragmentum.

350 4117 491 4175 Eunoen
509 4115 588 4172 Patr.
604 4113 691 4172 Alex.
709 4115 903 4192 fragmentum
919 4113 1006 4172 aliud.

349 4213 570 4272 Aronrnuarns
584 4211 749 4290 fragmenta
763 4211 1044 4270 Commentariorum
1059 4211 1090 4270 in
1104 4211 1225 4269 Lucam.

349 4311 533 4368 nrmmsn
549 4307 769 4386 Archiepiscopi
784 4307 929 4366 Corinthii
943 4307 1148 4386 fragmentum.

350 4405 488 4464 Ansnrur
505 4403 643 4462 Monachi
658 4403 795 4463 adversus
810 4403 998 4463 Tentatorem
1014 4403 1182 4463 Nomioum.
