3172 5108
368 365 433 428 228
562 362 650 426 Maii
664 361 854 448 scriptam
877 362 1014 426 Veterum
1028 363 1120 426 Nom
1136 361 1286 428 Collectio.

367 536 436 621 ejus
452 536 644 620 Scriptorum
666 535 802 598 Veterum
817 534 918 598 Nooae
934 533 1126 614 Uellectloaia,
1146 535 1235 620 cujus
1256 533 1339 598 tomi
1360 534 1464 598 decem

366 639 400 702 iu
422 647 541 724 quarto,
564 645 601 702 ut
625 637 712 722 loqui
734 643 855 714 amant,
878 637 985 701 excusi
1008 637 1170 722 hucusque
1191 637 1293 701 lucem
1316 637 1463 722 adapexe

366 747 453 814 runt,
469 741 530 805 huc
544 741 749 828 inscriptione
762 741 882 844 gaudet
894 766 903 814 ;

367 971 587 1064 Scriptorum
605 971 781 1043 Veterum
800 969 907 1040 Nova
924 969 1098 1040 Collectio
1119 994 1139 1040 e
1157 971 1347 1043 Vaticanis
1365 969 1466 1039 Codi-

441 1087 540 1157 cibua
558 1087 655 1156 edita
678 1087 723 1156 ab
741 1085 883 1179 Angelo
906 1085 1006 1155 Maio
1025 1085 1260 1156 Bibliothecae
1279 1085 1465 1156 Vaticauae

442 1203 615 1273 Praefecto
640 1203 685 1272 ad
712 1201 870 1272 Leonem
888 1202 979 1271 XII.
1007 1201 1217 1272 Pontificem
1250 1202 1465 1272 illeximum.

441 1320 573 1390 'lomus
591 1318 621 1390 Ι.
658 1318 784 1389 Romae
807 1321 844 1388 in
862 1317 1021 1413 Collegio
1046 1318 1192 1389 Urbano
1215 1321 1312 1412 apud
1332 1317 1467 1388 Burlia-

442 1459 534 1506 cum.
573 1455 789 1506 uuoccxxv.
842 1435 885 1504 In
903 1439 976 1506 ato.

640 1688 677 1751 In
695 1687 804 1753 Primo
819 1689 975 1753 volumine
990 1689 1194 1754 continentur

850 1879 933 1942 Para
948 1877 975 1942 1.

365 2040 506 2100 Euenum
521 2039 705 2102 Caerienaia
719 2041 904 2115 Qucetionea
917 2041 954 2101 ad
968 2040 1161 2121 Stephanum.

366 2139 505 2198 Euenum
522 2139 663 2216 Ejusdem
678 2140 863 2212 Qumetionea
876 2140 913 2199 ad
925 2141 1083 2198 Marinum.

367 2235 501 2294 Euenum
517 2236 659 2313 Ejusdem
675 2237 823 2316 Excerpta
837 2237 1045 2296 commentarii
1059 2237 1089 2294 in
1104 2237 1228 2294 Lucam.

366 2333 565 2392 Aromuann
581 2334 739 2394 Laodiceni
754 2333 929 2413 Fragmenta
944 2333 1151 2392 commentarii
1165 2335 1195 2392 in
1210 2334 1333 2395 Lucam.
1410 2350 1465 2410 179

368 2431 481 2490 Puerrr
497 2429 672 2489 Patriarchae
686 2431 841 2509 Specimen
855 2431 1062 2490 commentarii
1076 2432 1109 2489 in
1121 2432 1244 2490 Lucam.
1410 2432 1465 2510 189
1563 2501 1564 2517 7

368 2527 487 2586 Pmoun
503 2526 679 2586 Patriarchae
694 2527 878 2598 Quaeationea
893 2525 996 2600 (XX.)
1014 2527 1051 2586 ad
1064 2526 1314 2607 Amphilochium.
1411 2548 1462 2606 ¹93

367 2625 485 2683 Pnoru
501 2623 643 2701 Ejusdem
659 2623 809 2703 Responsa
823 2624 969 2684 Canonica
982 2625 1120 2703 quinque.
1407 2627 1463 2702 3⁶²

366 2720 545 2780 Auaaraem
561 2721 707 2778 Smarrm
721 2720 997 2780 Lucubratiunculae
1011 2721 1077 2780 duoe
1096 2721 1133 2780 de
1147 2722 1214 2780 vite
1228 2722 1365 2790 termino,

407 2817 488 2878 etde
502 2817 602 2895 iisqui
616 2817 716 2876 exhac
731 2817 791 2876 vita
804 2816 938 2895 migrant.
1407 2821 1464 2896 369
1562 2879 1563 2902 7

369 2915 507 2996 Ejusdem
522 2914 765 2994 Supplementum
780 2913 993 2985 Quaestionum.
1408 2933 1462 2992 373

368 3013 529 3072 Jonauure
543 3011 636 3070 vl11.
653 3010 741 3092 Papoe
756 3009 902 3090 Epistula.
1409 3015 1465 3090 376

844 3245 926 3312 Para
942 3245 988 3311 Il.

370 3419 536 3478 Chronicon
560 3417 731 3476 Breviatum
760 3434 797 3474 ex
822 3415 963 3476 Euenum
987 3417 1085 3496 Opere
1113 3418 1150 3477 de
1177 3419 1369 3499 temporibus,

410 3539 476 3576 cum
511 3513 715 3574 additamentis
748 3511 860 3590 aliquot
887 3533 980 3592 neque
1014 3514 1051 3572 nd
1084 3515 1221 3574 saeculnm
1256 3516 1368 3576 Christi

409 3633 530 3673 nouum.
1361 3613 1460 3692 Pag.1
1560 3647 1561 3675 7

370 3713 540 3770 Turonum
555 3707 787 3766 Moeaunarmu
803 3705 835 3763 in
849 3705 992 3764 Amoeum
1008 3707 1184 3785 Prophetam
1200 3703 1353 3789 Prologus.
1427 3729 1461 3783 41

795 3802 832 3862 In
845 3801 1014 3862 Zachariam
1028 3805 1179 3886 Prologus.
1428 3826 1465 3882 49

794 3899 831 3958 In
845 3898 989 3978 Aggaeum
1004 3901 1155 3981 Prologus.
1430 3921 1445 3980 5
1448 3923 1462 3980 5

795 3997 832 4055 In
846 3996 953 4056 Jonam
969 3999 1202 4058 Commentarius
1216 4001 1339 4079 integer.
1430 4018 1464 4078 59
1559 4013 1560 4061 t

796 4093 832 4151 In
846 4093 1018 4152 Nahumum
1033 4095 1146 4155 Comnu
1161 4096 1283 4176 integer.
1431 4117 1463 4173 74

794 4189 832 4248 In
845 4189 972 4250 Abdiam
987 4191 1100 4251 Comm.
1113 4193 1235 4271 integer.
1429 4197 1463 4270 89

796 4287 834 4346 In
848 4288 955 4347 Oseam
971 4288 1153 4368 Prologuaet
1164 4291 1278 4350 Comm.
1288 4312 1367 4370 pars.
1428 4311 1462 4368 97

371 4390 599 4449 Pouronnoun
614 4405 651 4446 ex
665 4385 889 4447 Commentariis
902 4386 933 4444 in
947 4386 1111 4446 Danielem.
1414 4405 1461 4464 ¹05
