<?xml version="1.0" encoding="UTF-8"?>
<!DOCTYPE html PUBLIC "-//W3C//DTD XHTML 1.0 Transitional//EN"
    "http://www.w3.org/TR/xhtml1/DTD/xhtml1-transitional.dtd">
<html xmlns="http://www.w3.org/1999/xhtml" xml:lang="en" lang="en">
 <head>
  <title>
</title>
<meta http-equiv="Content-Type" content="text/html;charset=utf-8" />
  <meta name='ocr-system' content='tesseract 3.04.00' />
  <meta name='ocr-capabilities' content='ocr_page ocr_carea ocr_par ocr_line ocrx_word'/>
</head>
<body>
  <div class='ocr_page' id='page_1' title='image "./notitiascriptor01dowlgoog_0063.png"; bbox 0 0 3192 5112; ppageno 0'>
   <div class='ocr_carea' id='block_1_1' title="bbox 349 343 1082 432">
    <p class='ocr_par' dir='ltr' id='par_1_1' title="bbox 349 343 1082 432">
     <span class='ocr_line' id='line_1_1' title="bbox 349 343 1082 432; baseline 0 -22"><span class='ocrx_word' id='word_1_1' title='bbox 349 346 392 410; x_wconf 73' lang='lat'><strong>42</strong></span> <span class='ocrx_word' id='word_1_2' title='bbox 706 343 856 412; x_wconf 76' lang='lat' dir='ltr'><strong>Daodcrii</strong></span> <span class='ocrx_word' id='word_1_3' title='bbox 877 344 1082 432; x_wconf 68' lang='lat' dir='ltr'><strong>cpicilepiam</strong></span> 
     </span>
    </p>
   </div>
   <div class='ocr_carea' id='block_1_2' title="bbox 326 537 1448 4424">
    <p class='ocr_par' dir='ltr' id='par_1_2' title="bbox 326 537 1448 4424">
     <span class='ocr_line' id='line_1_2' title="bbox 350 537 1445 620; baseline -0.001 -21"><span class='ocrx_word' id='word_1_4' title='bbox 350 537 492 600; x_wconf 76' lang='lat' dir='ltr'><strong>collectio</strong></span> <span class='ocrx_word' id='word_1_5' title='bbox 506 537 639 620; x_wconf 78' lang='lat' dir='ltr'><strong>Antiqua</strong></span> <span class='ocrx_word' id='word_1_6' title='bbox 648 540 800 600; x_wconf 75' lang='lat' dir='ltr'><strong>canonum</strong></span> <span class='ocrx_word' id='word_1_7' title='bbox 817 540 1082 602; x_wconf 82' lang='lat' dir='ltr'><strong>Pmnitentialinm.</strong></span> <span class='ocrx_word' id='word_1_8' title='bbox 1386 557 1445 615; x_wconf 82' lang='lat'><strong>510</strong></span> 
     </span>
     <span class='ocr_line' id='line_1_3' title="bbox 349 637 1444 718; baseline -0.002 -22"><span class='ocrx_word' id='word_1_9' title='bbox 349 637 583 698; x_wconf 77' lang='lat' dir='ltr'><strong>cnaonnosrror</strong></span> <span class='ocrx_word' id='word_1_10' title='bbox 598 637 736 718; x_wconf 90' lang='lat' dir='ltr'><strong>Episcopi</strong></span> <span class='ocrx_word' id='word_1_11' title='bbox 751 637 905 707; x_wconf 87' lang='lat' dir='ltr'><strong>Metensis,</strong></span> <span class='ocrx_word' id='word_1_12' title='bbox 921 637 1037 718; x_wconf 79' lang='lat' dir='ltr'><strong>Regula</strong></span> <span class='ocrx_word' id='word_1_13' title='bbox 1049 637 1274 698; x_wconf 88' lang='lat' dir='ltr'><strong>canonicorum.</strong></span> <span class='ocrx_word' id='word_1_14' title='bbox 1386 638 1444 712; x_wconf 84' lang='grc'><strong>565</strong></span> 
     </span>
     <span class='ocr_line' id='line_1_4' title="bbox 349 733 1447 818; baseline -0.003 -24"><span class='ocrx_word' id='word_1_15' title='bbox 349 733 523 796; x_wconf 76' lang='lat' dir='ltr'><strong>Aaruonre</strong></span> <span class='ocrx_word' id='word_1_16' title='bbox 538 735 678 816; x_wconf 76' lang='lat' dir='ltr'><strong>Episcopi</strong></span> <span class='ocrx_word' id='word_1_17' title='bbox 692 733 869 818; x_wconf 88' lang='lat' dir='ltr'><strong>Basileensis</strong></span> <span class='ocrx_word' id='word_1_18' title='bbox 883 735 1062 816; x_wconf 90' lang='lat' dir='ltr'><strong>Capitnlare.</strong></span> <span class='ocrx_word' id='word_1_19' title='bbox 1386 735 1447 810; x_wconf 83' lang='grc'><strong>584</strong></span> 
     </span>
     <span class='ocr_line' id='line_1_5' title="bbox 350 829 1346 910; baseline -0.003 -19"><span class='ocrx_word' id='word_1_20' title='bbox 350 831 470 892; x_wconf 88' lang='lat' dir='ltr'><strong>Statnta</strong></span> <span class='ocrx_word' id='word_1_21' title='bbox 477 829 612 910; x_wconf 87' lang='lat' dir='ltr'><strong>Antiqua</strong></span> <span class='ocrx_word' id='word_1_22' title='bbox 625 831 760 891; x_wconf 80' lang='lat' dir='ltr'><strong>Abbatin</strong></span> <span class='ocrx_word' id='word_1_23' title='bbox 775 830 807 891; x_wconf 85' lang='lat' dir='ltr'><strong>S.</strong></span> <span class='ocrx_word' id='word_1_24' title='bbox 818 831 901 893; x_wconf 84' lang='lat' dir='ltr'><strong>Petri</strong></span> <span class='ocrx_word' id='word_1_25' title='bbox 916 831 1102 892; x_wconf 76' lang='lat' dir='ltr'><strong>corbeiensis</strong></span> <span class='ocrx_word' id='word_1_26' title='bbox 1115 832 1152 892; x_wconf 85' lang='lat' dir='ltr'><strong>ab</strong></span> <span class='ocrx_word' id='word_1_27' title='bbox 1165 831 1346 890; x_wconf 69' lang='lat' dir='ltr'><strong>Aurunco</strong></span> 
     </span>
     <span class='ocr_line' id='line_1_6' title="bbox 389 928 1447 1009; baseline 0 -21"><span class='ocrx_word' id='word_1_28' title='bbox 389 929 506 989; x_wconf 84' lang='lat' dir='ltr'><strong>Abbste</strong></span> <span class='ocrx_word' id='word_1_29' title='bbox 520 929 646 1009; x_wconf 87' lang='lat' dir='ltr'><strong>Scripta.</strong></span> <span class='ocrx_word' id='word_1_30' title='bbox 1387 928 1447 1005; x_wconf 86' lang='grc'><strong>586</strong></span> 
     </span>
     <span class='ocr_line' id='line_1_7' title="bbox 350 1025 1344 1107; baseline -0.002 -21"><span class='ocrx_word' id='word_1_31' title='bbox 350 1026 539 1106; x_wconf 73' lang='lat' dir='ltr'><strong>Pririlegium</strong></span> <span class='ocrx_word' id='word_1_32' title='bbox 562 1025 593 1086; x_wconf 90' lang='lat' dir='ltr'><strong>in</strong></span> <span class='ocrx_word' id='word_1_33' title='bbox 614 1025 746 1086; x_wconf 90' lang='lat' dir='ltr'><strong>concilio</strong></span> <span class='ocrx_word' id='word_1_34' title='bbox 768 1027 941 1098; x_wconf 86' lang='lat' dir='ltr'><strong>Senonensi,</strong></span> <span class='ocrx_word' id='word_1_35' title='bbox 962 1026 1130 1107; x_wconf 72' lang='lat' dir='ltr'><strong>presidente</strong></span> <span class='ocrx_word' id='word_1_36' title='bbox 1148 1025 1270 1086; x_wconf 85' lang='lat' dir='ltr'><strong>Aldrioo</strong></span> <span class='ocrx_word' id='word_1_37' title='bbox 1289 1025 1344 1084; x_wconf 84' lang='lat' dir='ltr'><strong>Se-</strong></span> 
     </span>
     <span class='ocr_line' id='line_1_8' title="bbox 389 1121 1344 1204; baseline -0.003 -21"><span class='ocrx_word' id='word_1_38' title='bbox 389 1123 510 1183; x_wconf 85' lang='lat' dir='ltr'><strong>nonensi</strong></span> <span class='ocrx_word' id='word_1_39' title='bbox 524 1121 752 1204; x_wconf 86' lang='lat' dir='ltr'><strong>Archiepiscopo</strong></span> <span class='ocrx_word' id='word_1_40' title='bbox 772 1144 949 1194; x_wconf 84' lang='lat' dir='ltr'><strong>concessum,</strong></span> <span class='ocrx_word' id='word_1_41' title='bbox 964 1124 1001 1184; x_wconf 88' lang='lat' dir='ltr'><strong>de</strong></span> <span class='ocrx_word' id='word_1_42' title='bbox 1022 1123 1152 1185; x_wconf 75' lang='lat' dir='ltr'><strong>Abbatis</strong></span> <span class='ocrx_word' id='word_1_43' title='bbox 1172 1124 1205 1184; x_wconf 87' lang='lat' dir='ltr'><strong>S.</strong></span> <span class='ocrx_word' id='word_1_44' title='bbox 1216 1122 1344 1202; x_wconf 81' lang='lat' dir='ltr'><strong>Remigii</strong></span> 
     </span>
     <span class='ocr_line' id='line_1_9' title="bbox 391 1219 1445 1297; baseline 0 -16"><span class='ocrx_word' id='word_1_45' title='bbox 391 1221 567 1282; x_wconf 85' lang='lat' dir='ltr'><strong>Senonensis</strong></span> <span class='ocrx_word' id='word_1_46' title='bbox 580 1219 616 1279; x_wconf 85' lang='lat' dir='ltr'><strong>ad</strong></span> <span class='ocrx_word' id='word_1_47' title='bbox 630 1219 775 1281; x_wconf 87' lang='lat' dir='ltr'><strong>Varellias</strong></span> <span class='ocrx_word' id='word_1_48' title='bbox 788 1221 999 1282; x_wconf 76' lang='lat' dir='ltr'><strong>transferenda</strong></span> <span class='ocrx_word' id='word_1_49' title='bbox 1386 1235 1445 1297; x_wconf 84' lang='lat'><strong>593</strong></span> 
     </span>
     <span class='ocr_line' id='line_1_10' title="bbox 326 1317 1345 1400; baseline 0 -22"><span class='ocrx_word' id='word_1_50' title='bbox 326 1319 504 1379; x_wconf 81' lang='lat' dir='ltr'><strong>&#39;Lunovrcr</strong></span> <span class='ocrx_word' id='word_1_51' title='bbox 526 1318 580 1378; x_wconf 84' lang='lat' dir='ltr'><strong>Pu</strong></span> <span class='ocrx_word' id='word_1_52' title='bbox 600 1317 788 1398; x_wconf 88' lang='lat' dir='ltr'><strong>Imperatoris</strong></span> <span class='ocrx_word' id='word_1_53' title='bbox 812 1318 960 1400; x_wconf 85' lang='lat' dir='ltr'><strong>Diploma,</strong></span> <span class='ocrx_word' id='word_1_54' title='bbox 974 1340 1034 1398; x_wconf 94' lang='grc'><strong>966</strong></span> <span class='ocrx_word' id='word_1_55' title='bbox 1058 1319 1201 1400; x_wconf 77' lang='lat' dir='ltr'><strong>Superius</strong></span> <span class='ocrx_word' id='word_1_56' title='bbox 1220 1317 1345 1378; x_wconf 78' lang='lat' dir='ltr'><strong>Pririle-</strong></span> 
     </span>
     <span class='ocr_line' id='line_1_11' title="bbox 390 1415 1448 1498; baseline 0 -22"><span class='ocrx_word' id='word_1_57' title='bbox 390 1417 470 1498; x_wconf 77' lang='lat' dir='ltr'><strong>ginm</strong></span> <span class='ocrx_word' id='word_1_58' title='bbox 483 1415 645 1477; x_wconf 82' lang='lat' dir='ltr'><strong>confirmat.</strong></span> <span class='ocrx_word' id='word_1_59' title='bbox 1386 1433 1448 1494; x_wconf 84' lang='lat'><strong>594</strong></span> 
     </span>
     <span class='ocr_line' id='line_1_12' title="bbox 351 1513 1340 1595; baseline 0.001 -21"><span class='ocrx_word' id='word_1_60' title='bbox 351 1514 432 1574; x_wconf 89' lang='lat' dir='ltr'><strong>Idem</strong></span> <span class='ocrx_word' id='word_1_61' title='bbox 460 1513 610 1574; x_wconf 82' lang='lat' dir='ltr'><strong>confirmat</strong></span> <span class='ocrx_word' id='word_1_62' title='bbox 630 1513 774 1575; x_wconf 78' lang='lat' dir='ltr'><strong>Wnruno</strong></span> <span class='ocrx_word' id='word_1_63' title='bbox 800 1513 1045 1595; x_wconf 87' lang='lat' dir='ltr'><strong>Arcbiepiscopus</strong></span> <span class='ocrx_word' id='word_1_64' title='bbox 1072 1515 1104 1574; x_wconf 89' lang='lat' dir='ltr'><strong>in</strong></span> <span class='ocrx_word' id='word_1_65' title='bbox 1132 1515 1263 1576; x_wconf 84' lang='lat' dir='ltr'><strong>Concilio</strong></span> <span class='ocrx_word' id='word_1_66' title='bbox 1288 1515 1340 1575; x_wconf 86' lang='lat' dir='ltr'><strong>Se·</strong></span> 
     </span>
     <span class='ocr_line' id='line_1_13' title="bbox 390 1611 1443 1690; baseline 0.001 -20"><span class='ocrx_word' id='word_1_67' title='bbox 390 1611 522 1671; x_wconf 88' lang='lat' dir='ltr'><strong>nonensi.</strong></span> <span class='ocrx_word' id='word_1_68' title='bbox 1385 1629 1443 1690; x_wconf 90' lang='grc'>595</span> 
     </span>
     <span class='ocr_line' id='line_1_14' title="bbox 351 1707 1344 1790; baseline -0.004 -22"><span class='ocrx_word' id='word_1_69' title='bbox 351 1707 501 1788; x_wconf 81' lang='lat' dir='ltr'><strong>Responsa</strong></span> <span class='ocrx_word' id='word_1_70' title='bbox 514 1707 650 1768; x_wconf 77' lang='lat' dir='ltr'><strong>Niconsr</strong></span> <span class='ocrx_word' id='word_1_71' title='bbox 671 1708 766 1768; x_wconf 63' lang='grc' dir='ltr'><strong>ΡΜ</strong></span> <span class='ocrx_word' id='word_1_72' title='bbox 788 1709 813 1767; x_wconf 94' lang='lat'><strong>1.</strong></span> <span class='ocrx_word' id='word_1_73' title='bbox 838 1707 874 1768; x_wconf 85' lang='lat' dir='ltr'><strong>ad</strong></span> <span class='ocrx_word' id='word_1_74' title='bbox 899 1709 1032 1769; x_wconf 89' lang='lat' dir='ltr'><strong>consulta</strong></span> <span class='ocrx_word' id='word_1_75' title='bbox 1050 1709 1173 1769; x_wconf 88' lang='lat' dir='ltr'><strong>Arduici</strong></span> <span class='ocrx_word' id='word_1_76' title='bbox 1189 1709 1344 1790; x_wconf 89' lang='lat' dir='ltr'><strong>Arcbiepi.</strong></span> 
     </span>
     <span class='ocr_line' id='line_1_15' title="bbox 390 1805 1446 1885; baseline 0.001 -21"><span class='ocrx_word' id='word_1_77' title='bbox 390 1805 468 1885; x_wconf 86' lang='lat' dir='ltr'><strong>scopi</strong></span> <span class='ocrx_word' id='word_1_78' title='bbox 484 1806 734 1866; x_wconf 75' lang='lat' dir='ltr'><strong>vesontionensis.</strong></span> <span class='ocrx_word' id='word_1_79' title='bbox 1385 1809 1446 1884; x_wconf 84' lang='lat'><strong>596</strong></span> 
     </span>
     <span class='ocr_line' id='line_1_16' title="bbox 351 1901 1444 1982; baseline 0.002 -22"><span class='ocrx_word' id='word_1_80' title='bbox 351 1901 454 1961; x_wconf 79' lang='lat' dir='ltr'><strong>Enonr</strong></span> <span class='ocrx_word' id='word_1_81' title='bbox 470 1901 613 1962; x_wconf 82' lang='lat' dir='ltr'><strong>collectio</strong></span> <span class='ocrx_word' id='word_1_82' title='bbox 627 1903 740 1982; x_wconf 78' lang='lat' dir='ltr'><strong>Legum</strong></span> <span class='ocrx_word' id='word_1_83' title='bbox 753 1915 784 1964; x_wconf 89' lang='lat' dir='ltr'><strong>et</strong></span> <span class='ocrx_word' id='word_1_84' title='bbox 798 1905 961 1964; x_wconf 85' lang='lat' dir='ltr'><strong>cnnonum.</strong></span> <span class='ocrx_word' id='word_1_85' title='bbox 1385 1921 1444 1982; x_wconf 84' lang='lat'><strong>597</strong></span> 
     </span>
     <span class='ocr_line' id='line_1_17' title="bbox 350 1999 1343 2081; baseline 0.002 -23"><span class='ocrx_word' id='word_1_86' title='bbox 350 1999 515 2058; x_wconf 88' lang='lat' dir='ltr'><strong>concilium</strong></span> <span class='ocrx_word' id='word_1_87' title='bbox 529 1999 746 2069; x_wconf 81' lang='lat' dir='ltr'><strong>Suessionense,</strong></span> <span class='ocrx_word' id='word_1_88' title='bbox 762 2003 865 2080; x_wconf 90' lang='lat' dir='ltr'><strong>inquo</strong></span> <span class='ocrx_word' id='word_1_89' title='bbox 879 2003 1080 2062; x_wconf 86' lang='lat' dir='ltr'><strong>confirmatum</strong></span> <span class='ocrx_word' id='word_1_90' title='bbox 1094 2013 1139 2063; x_wconf 86' lang='lat' dir='ltr'><strong>est</strong></span> <span class='ocrx_word' id='word_1_91' title='bbox 1150 2001 1343 2081; x_wconf 79' lang='lat' dir='ltr'><strong>Pririlegium</strong></span> 
     </span>
     <span class='ocr_line' id='line_1_18' title="bbox 391 2096 1344 2180; baseline 0 -24"><span class='ocrx_word' id='word_1_92' title='bbox 391 2096 572 2156; x_wconf 86' lang='lat' dir='ltr'><strong>Monasterio</strong></span> <span class='ocrx_word' id='word_1_93' title='bbox 595 2097 626 2157; x_wconf 89' lang='lat' dir='ltr'><strong>S.</strong></span> <span class='ocrx_word' id='word_1_94' title='bbox 644 2099 779 2180; x_wconf 83' lang='lat' dir='ltr'><strong>Dionysii</strong></span> <span class='ocrx_word' id='word_1_95' title='bbox 803 2119 970 2160; x_wconf 87' lang='lat' dir='ltr'><strong>concessum</strong></span> <span class='ocrx_word' id='word_1_96' title='bbox 993 2120 1011 2158; x_wconf 87' lang='lat' dir='ltr'><strong>a</strong></span> <span class='ocrx_word' id='word_1_97' title='bbox 1035 2101 1072 2158; x_wconf 90' lang='grc' dir='ltr'><strong>Β.</strong></span> <span class='ocrx_word' id='word_1_98' title='bbox 1086 2099 1248 2160; x_wconf 83' lang='lat' dir='ltr'><strong>Landerieo</strong></span> <span class='ocrx_word' id='word_1_99' title='bbox 1269 2098 1344 2176; x_wconf 85' lang='lat' dir='ltr'><strong>Epi.</strong></span> 
     </span>
     <span class='ocr_line' id='line_1_19' title="bbox 392 2193 1443 2274; baseline -0.004 -21"><span class='ocrx_word' id='word_1_100' title='bbox 392 2213 479 2274; x_wconf 85' lang='lat' dir='ltr'><strong>scopo</strong></span> <span class='ocrx_word' id='word_1_101' title='bbox 493 2193 658 2253; x_wconf 86' lang='lat' dir='ltr'><strong>Pnriaiensi.</strong></span> <span class='ocrx_word' id='word_1_102' title='bbox 1384 2212 1443 2272; x_wconf 90' lang='grc'><strong>599</strong></span> 
     </span>
     <span class='ocr_line' id='line_1_20' title="bbox 352 2290 1343 2370; baseline -0.001 -19"><span class='ocrx_word' id='word_1_103' title='bbox 352 2291 521 2351; x_wconf 84' lang='lat' dir='ltr'><strong>conventus</strong></span> <span class='ocrx_word' id='word_1_104' title='bbox 549 2290 699 2360; x_wconf 86' lang='lat' dir='ltr'><strong>Pistensis,</strong></span> <span class='ocrx_word' id='word_1_105' title='bbox 725 2292 756 2350; x_wconf 93' lang='lat' dir='ltr'><strong>in</strong></span> <span class='ocrx_word' id='word_1_106' title='bbox 788 2312 847 2370; x_wconf 94' lang='grc'><strong>966</strong></span> <span class='ocrx_word' id='word_1_107' title='bbox 873 2293 950 2352; x_wconf 87' lang='lat' dir='ltr'><strong>bona</strong></span> <span class='ocrx_word' id='word_1_108' title='bbox 977 2292 1113 2352; x_wconf 81' lang='lat' dir='ltr'><strong>Abbatise</strong></span> <span class='ocrx_word' id='word_1_109' title='bbox 1145 2292 1177 2352; x_wconf 89' lang='lat' dir='ltr'><strong>S.</strong></span> <span class='ocrx_word' id='word_1_110' title='bbox 1205 2291 1343 2352; x_wconf 74' lang='lat' dir='ltr'><strong>Geminei</strong></span> 
     </span>
     <span class='ocr_line' id='line_1_21' title="bbox 391 2386 1443 2448; baseline 0.001 -1"><span class='ocrx_word' id='word_1_111' title='bbox 391 2386 642 2447; x_wconf 87' lang='lat' dir='ltr'><strong>Autisiodorensia</strong></span> <span class='ocrx_word' id='word_1_112' title='bbox 655 2387 871 2448; x_wconf 83' lang='lat' dir='ltr'><strong>confirmentur.</strong></span> <span class='ocrx_word' id='word_1_113' title='bbox 1383 2391 1443 2448; x_wconf 91' lang='grc'><strong>666</strong></span> 
     </span>
     <span class='ocr_line' id='line_1_22' title="bbox 352 2485 1345 2569; baseline -0.001 -22"><span class='ocrx_word' id='word_1_114' title='bbox 352 2485 489 2569; x_wconf 83' lang='lat' dir='ltr'><strong>Synodus</strong></span> <span class='ocrx_word' id='word_1_115' title='bbox 504 2486 689 2554; x_wconf 85' lang='lat' dir='ltr'><strong>Viennensis,</strong></span> <span class='ocrx_word' id='word_1_116' title='bbox 714 2485 744 2544; x_wconf 89' lang='lat' dir='ltr'><strong>in</strong></span> <span class='ocrx_word' id='word_1_117' title='bbox 769 2507 828 2564; x_wconf 92' lang='grc'><strong>966</strong></span> <span class='ocrx_word' id='word_1_118' title='bbox 852 2486 980 2547; x_wconf 76' lang='grc' dir='ltr'>Ρ666ἰ66</span> <span class='ocrx_word' id='word_1_119' title='bbox 1000 2485 1171 2546; x_wconf 79' lang='lat' dir='ltr'><strong>Alexandro</strong></span> <span class='ocrx_word' id='word_1_120' title='bbox 1191 2485 1345 2566; x_wconf 86' lang='lat' dir='ltr'><strong>Arcbiepi·</strong></span> 
     </span>
     <span class='ocr_line' id='line_1_23' title="bbox 392 2583 1439 2666; baseline -0.004 -20"><span class='ocrx_word' id='word_1_121' title='bbox 392 2583 528 2666; x_wconf 80' lang='lat' dir='ltr'><strong>neopolis</strong></span> <span class='ocrx_word' id='word_1_122' title='bbox 542 2585 619 2644; x_wconf 81' lang='lat' dir='ltr'><strong>iuter</strong></span> <span class='ocrx_word' id='word_1_123' title='bbox 632 2583 706 2644; x_wconf 81' lang='lat' dir='ltr'><strong>duos</strong></span> <span class='ocrx_word' id='word_1_124' title='bbox 720 2584 851 2644; x_wconf 85' lang='lat' dir='ltr'><strong>Abbates</strong></span> <span class='ocrx_word' id='word_1_125' title='bbox 864 2585 959 2664; x_wconf 86' lang='lat' dir='ltr'><strong>sopita</strong></span> <span class='ocrx_word' id='word_1_126' title='bbox 973 2595 1029 2645; x_wconf 89' lang='lat' dir='ltr'><strong>est.</strong></span> <span class='ocrx_word' id='word_1_127' title='bbox 1384 2586 1439 2643; x_wconf 81' lang='lat'><strong>601</strong></span> 
     </span>
     <span class='ocr_line' id='line_1_24' title="bbox 352 2681 1440 2762; baseline -0.002 -19"><span class='ocrx_word' id='word_1_128' title='bbox 352 2683 515 2744; x_wconf 89' lang='lat' dir='ltr'><strong>concilium</strong></span> <span class='ocrx_word' id='word_1_129' title='bbox 530 2682 694 2742; x_wconf 86' lang='lat' dir='ltr'><strong>Romanum</strong></span> <span class='ocrx_word' id='word_1_130' title='bbox 709 2681 889 2742; x_wconf 76' lang='lat' dir='ltr'><strong>Presidente</strong></span> <span class='ocrx_word' id='word_1_131' title='bbox 903 2683 1046 2762; x_wconf 82' lang='lat' dir='ltr'><strong>Gregorio</strong></span> <span class='ocrx_word' id='word_1_132' title='bbox 1061 2682 1142 2762; x_wconf 90' lang='lat' dir='ltr'><strong>Papa</strong></span> <span class='ocrx_word' id='word_1_133' title='bbox 1155 2683 1196 2743; x_wconf 89' lang='lat' dir='ltr'><strong>V.</strong></span> <span class='ocrx_word' id='word_1_134' title='bbox 1384 2684 1440 2758; x_wconf 81' lang='lat'><strong>603</strong></span> 
     </span>
     <span class='ocr_line' id='line_1_25' title="bbox 352 2779 1443 2862; baseline -0.002 -22"><span class='ocrx_word' id='word_1_135' title='bbox 352 2785 441 2842; x_wconf 88' lang='lat' dir='ltr'><strong>Gesta</strong></span> <span class='ocrx_word' id='word_1_136' title='bbox 456 2779 567 2862; x_wconf 85' lang='lat' dir='ltr'><strong>Synodi</strong></span> <span class='ocrx_word' id='word_1_137' title='bbox 580 2779 800 2840; x_wconf 81' lang='lat' dir='ltr'><strong>Aurelianensis</strong></span> <span class='ocrx_word' id='word_1_138' title='bbox 812 2800 889 2839; x_wconf 92' lang='grc'>6666</span> <span class='ocrx_word' id='word_1_139' title='bbox 902 2781 968 2839; x_wconf 88' lang='lat' dir='ltr'><strong>circ.</strong></span> <span class='ocrx_word' id='word_1_140' title='bbox 983 2799 1093 2839; x_wconf 84' lang='lat' dir='ltr'><strong>nxvn.</strong></span> <span class='ocrx_word' id='word_1_141' title='bbox 1107 2779 1268 2840; x_wconf 74' lang='lat' dir='ltr'><strong>celebrate.</strong></span> <span class='ocrx_word' id='word_1_142' title='bbox 1383 2781 1443 2855; x_wconf 86' lang='lat'><strong>604</strong></span> 
     </span>
     <span class='ocr_line' id='line_1_26' title="bbox 353 2876 1343 2961; baseline -0.001 -22"><span class='ocrx_word' id='word_1_143' title='bbox 353 2879 489 2961; x_wconf 83' lang='lat' dir='ltr'><strong>Synodus</strong></span> <span class='ocrx_word' id='word_1_144' title='bbox 502 2877 705 2938; x_wconf 87' lang='lat' dir='ltr'><strong>Atrebateusis</strong></span> <span class='ocrx_word' id='word_1_145' title='bbox 718 2897 736 2936; x_wconf 89' lang='lat' dir='ltr'><strong>a</strong></span> <span class='ocrx_word' id='word_1_146' title='bbox 750 2876 882 2938; x_wconf 80' lang='lat' dir='ltr'><strong>cerardo</strong></span> <span class='ocrx_word' id='word_1_147' title='bbox 896 2879 1097 2937; x_wconf 86' lang='lat' dir='ltr'><strong>Cameracensi</strong></span> <span class='ocrx_word' id='word_1_148' title='bbox 1111 2889 1142 2938; x_wconf 89' lang='lat' dir='ltr'><strong>et</strong></span> <span class='ocrx_word' id='word_1_149' title='bbox 1155 2877 1343 2938; x_wconf 88' lang='lat' dir='ltr'><strong>Atrebatensi</strong></span> 
     </span>
     <span class='ocr_line' id='line_1_27' title="bbox 392 2975 1440 3058; baseline -0.002 -22"><span class='ocrx_word' id='word_1_150' title='bbox 392 2977 540 3058; x_wconf 84' lang='lat' dir='ltr'><strong>Episcopo</strong></span> <span class='ocrx_word' id='word_1_151' title='bbox 553 2975 704 3036; x_wconf 86' lang='lat' dir='ltr'><strong>celebrata.</strong></span> <span class='ocrx_word' id='word_1_152' title='bbox 1381 2977 1440 3051; x_wconf 88' lang='grc'><strong>667</strong></span> 
     </span>
     <span class='ocr_line' id='line_1_28' title="bbox 351 3071 1343 3151; baseline -0.002 -16"><span class='ocrx_word' id='word_1_153' title='bbox 351 3075 513 3136; x_wconf 88' lang='lat' dir='ltr'><strong>concilium</strong></span> <span class='ocrx_word' id='word_1_154' title='bbox 542 3073 701 3142; x_wconf 87' lang='lat' dir='ltr'><strong>Auscense,</strong></span> <span class='ocrx_word' id='word_1_155' title='bbox 731 3071 909 3133; x_wconf 75' lang='lat' dir='ltr'><strong>Presidente</strong></span> <span class='ocrx_word' id='word_1_156' title='bbox 933 3071 1062 3151; x_wconf 81' lang='lat' dir='ltr'><strong>Hugone</strong></span> <span class='ocrx_word' id='word_1_157' title='bbox 1090 3072 1239 3132; x_wconf 85' lang='lat' dir='ltr'><strong>cardinali</strong></span> <span class='ocrx_word' id='word_1_158' title='bbox 1265 3093 1343 3133; x_wconf 88' lang='lat' dir='ltr'><strong>anno</strong></span> 
     </span>
     <span class='ocr_line' id='line_1_29' title="bbox 391 3173 1440 3250; baseline -0.003 -17"><span class='ocrx_word' id='word_1_159' title='bbox 391 3191 538 3233; x_wconf 84' lang='lat' dir='ltr'><strong>nnxvrn.</strong></span> <span class='ocrx_word' id='word_1_160' title='bbox 1383 3173 1440 3250; x_wconf 91' lang='grc'><strong>665</strong></span> 
     </span>
     <span class='ocr_line' id='line_1_30' title="bbox 352 3267 1342 3351; baseline 0 -20"><span class='ocrx_word' id='word_1_161' title='bbox 352 3271 516 3331; x_wconf 86' lang='lat' dir='ltr'><strong>concilium</strong></span> <span class='ocrx_word' id='word_1_162' title='bbox 530 3267 608 3349; x_wconf 87' lang='lat' dir='ltr'><strong>spud</strong></span> <span class='ocrx_word' id='word_1_163' title='bbox 622 3267 811 3328; x_wconf 85' lang='lat' dir='ltr'><strong>Exoldunum</strong></span> <span class='ocrx_word' id='word_1_164' title='bbox 831 3268 901 3328; x_wconf 89' lang='lat' dir='ltr'><strong>anni</strong></span> <span class='ocrx_word' id='word_1_165' title='bbox 914 3285 1055 3328; x_wconf 78' lang='lat' dir='ltr'><strong>nnxxxr.</strong></span> <span class='ocrx_word' id='word_1_166' title='bbox 1070 3269 1198 3330; x_wconf 84' lang='lat' dir='ltr'><strong>Praeside</strong></span> <span class='ocrx_word' id='word_1_167' title='bbox 1212 3271 1342 3351; x_wconf 82' lang='lat' dir='ltr'><strong>lingone</strong></span> 
     </span>
     <span class='ocr_line' id='line_1_31' title="bbox 392 3363 1442 3444; baseline -0.001 -16"><span class='ocrx_word' id='word_1_168' title='bbox 392 3367 506 3437; x_wconf 83' lang='lat' dir='ltr'><strong>Diensi,</strong></span> <span class='ocrx_word' id='word_1_169' title='bbox 521 3365 559 3424; x_wconf 88' lang='lat' dir='ltr'><strong>A.</strong></span> <span class='ocrx_word' id='word_1_170' title='bbox 567 3363 598 3424; x_wconf 84' lang='lat' dir='ltr'><strong>S.</strong></span> <span class='ocrx_word' id='word_1_171' title='bbox 613 3365 734 3444; x_wconf 76' lang='lat' dir='ltr'><strong>Legata.</strong></span> <span class='ocrx_word' id='word_1_172' title='bbox 1375 3368 1442 3428; x_wconf 88' lang='lat' dir='ltr'><strong>ibid.</strong></span> 
     </span>
     <span class='ocr_line' id='line_1_32' title="bbox 352 3462 1342 3544; baseline -0.001 -19"><span class='ocrx_word' id='word_1_173' title='bbox 352 3464 515 3525; x_wconf 88' lang='lat' dir='ltr'><strong>Concilium</strong></span> <span class='ocrx_word' id='word_1_174' title='bbox 537 3462 768 3544; x_wconf 87' lang='lat' dir='ltr'><strong>compendiense</strong></span> <span class='ocrx_word' id='word_1_175' title='bbox 790 3463 859 3522; x_wconf 89' lang='lat' dir='ltr'><strong>anni</strong></span> <span class='ocrx_word' id='word_1_176' title='bbox 880 3479 1029 3524; x_wconf 81' lang='lat' dir='ltr'><strong>nnxxxv.</strong></span> <span class='ocrx_word' id='word_1_177' title='bbox 1052 3463 1083 3522; x_wconf 90' lang='lat' dir='ltr'><strong>in</strong></span> <span class='ocrx_word' id='word_1_178' title='bbox 1107 3484 1166 3543; x_wconf 92' lang='lat' dir='ltr'><strong>quo</strong></span> <span class='ocrx_word' id='word_1_179' title='bbox 1180 3464 1342 3526; x_wconf 83' lang='lat' dir='ltr'><strong>Ecclesiam</strong></span> 
     </span>
     <span class='ocr_line' id='line_1_33' title="bbox 392 3561 1343 3645; baseline 0 -21"><span class='ocrx_word' id='word_1_180' title='bbox 392 3563 446 3624; x_wconf 87' lang='lat' dir='ltr'><strong>SS.</strong></span> <span class='ocrx_word' id='word_1_181' title='bbox 461 3563 535 3623; x_wconf 84' lang='lat' dir='ltr'><strong>Acci</strong></span> <span class='ocrx_word' id='word_1_182' title='bbox 555 3573 586 3622; x_wconf 87' lang='lat' dir='ltr'><strong>et</strong></span> <span class='ocrx_word' id='word_1_183' title='bbox 606 3561 729 3623; x_wconf 88' lang='lat' dir='ltr'><strong>Acbeoli</strong></span> <span class='ocrx_word' id='word_1_184' title='bbox 744 3561 898 3622; x_wconf 87' lang='lat' dir='ltr'><strong>canonicis</strong></span> <span class='ocrx_word' id='word_1_185' title='bbox 921 3561 1035 3622; x_wconf 83' lang='lat' dir='ltr'><strong>confert</strong></span> <span class='ocrx_word' id='word_1_186' title='bbox 1056 3561 1164 3624; x_wconf 87' lang='lat' dir='ltr'><strong>Rorico</strong></span> <span class='ocrx_word' id='word_1_187' title='bbox 1178 3563 1343 3645; x_wconf 86' lang='lat' dir='ltr'><strong>Episcopus</strong></span> 
     </span>
     <span class='ocr_line' id='line_1_34' title="bbox 391 3660 1441 3722; baseline 0.002 -2"><span class='ocrx_word' id='word_1_188' title='bbox 391 3660 606 3722; x_wconf 84' lang='lat' dir='ltr'><strong>Ambienensis.</strong></span> <span class='ocrx_word' id='word_1_189' title='bbox 1382 3663 1441 3722; x_wconf 90' lang='grc'><strong>666</strong></span> 
     </span>
     <span class='ocr_line' id='line_1_35' title="bbox 352 3757 1341 3840; baseline 0.001 -21"><span class='ocrx_word' id='word_1_190' title='bbox 352 3759 388 3818; x_wconf 88' lang='lat' dir='ltr'><strong>In</strong></span> <span class='ocrx_word' id='word_1_191' title='bbox 402 3759 503 3819; x_wconf 87' lang='lat' dir='ltr'><strong>eodem</strong></span> <span class='ocrx_word' id='word_1_192' title='bbox 519 3757 675 3836; x_wconf 81' lang='lat' dir='ltr'><strong>Privilegia</strong></span> <span class='ocrx_word' id='word_1_193' title='bbox 688 3757 827 3817; x_wconf 79' lang='lat' dir='ltr'><strong>Ecclesin</strong></span> <span class='ocrx_word' id='word_1_194' title='bbox 849 3757 904 3817; x_wconf 87' lang='lat' dir='ltr'><strong>SS.</strong></span> <span class='ocrx_word' id='word_1_195' title='bbox 919 3757 1048 3818; x_wconf 90' lang='lat' dir='ltr'><strong>cornelii</strong></span> <span class='ocrx_word' id='word_1_196' title='bbox 1068 3769 1099 3820; x_wconf 86' lang='lat' dir='ltr'><strong>et</strong></span> <span class='ocrx_word' id='word_1_197' title='bbox 1113 3759 1251 3840; x_wconf 88' lang='lat' dir='ltr'><strong>cypriani</strong></span> <span class='ocrx_word' id='word_1_198' title='bbox 1273 3781 1341 3820; x_wconf 88' lang='lat' dir='ltr'><strong>con·</strong></span> 
     </span>
     <span class='ocr_line' id='line_1_36' title="bbox 392 3855 1439 3936; baseline 0.003 -20"><span class='ocrx_word' id='word_1_199' title='bbox 392 3856 543 3916; x_wconf 85' lang='lat' dir='ltr'><strong>firmantur</strong></span> <span class='ocrx_word' id='word_1_200' title='bbox 555 3877 573 3914; x_wconf 92' lang='lat' dir='ltr'><strong>a</strong></span> <span class='ocrx_word' id='word_1_201' title='bbox 587 3855 725 3936; x_wconf 91' lang='lat' dir='ltr'><strong>Philippo</strong></span> <span class='ocrx_word' id='word_1_202' title='bbox 739 3855 765 3915; x_wconf 92' lang='lat'><strong>1.</strong></span> <span class='ocrx_word' id='word_1_203' title='bbox 780 3856 957 3916; x_wconf 85' lang='lat' dir='ltr'><strong>Francorum</strong></span> <span class='ocrx_word' id='word_1_204' title='bbox 973 3855 1065 3935; x_wconf 81' lang='lat' dir='ltr'><strong>Rege.</strong></span> <span class='ocrx_word' id='word_1_205' title='bbox 1381 3861 1439 3936; x_wconf 90' lang='grc'><strong>667</strong></span> 
     </span>
     <span class='ocr_line' id='line_1_37' title="bbox 352 3952 1340 4034; baseline 0.002 -20"><span class='ocrx_word' id='word_1_206' title='bbox 352 3953 515 4014; x_wconf 87' lang='lat' dir='ltr'><strong>concilium</strong></span> <span class='ocrx_word' id='word_1_207' title='bbox 539 3952 701 4012; x_wconf 85' lang='lat' dir='ltr'><strong>Parisiense</strong></span> <span class='ocrx_word' id='word_1_208' title='bbox 728 3953 810 4011; x_wconf 87' lang='lat' dir='ltr'><strong>Anni</strong></span> <span class='ocrx_word' id='word_1_209' title='bbox 831 3971 938 4012; x_wconf 76' lang='lat' dir='ltr'><strong>nxcn.</strong></span> <span class='ocrx_word' id='word_1_210' title='bbox 966 3953 997 4012; x_wconf 87' lang='lat' dir='ltr'><strong>in</strong></span> <span class='ocrx_word' id='word_1_211' title='bbox 1025 3974 1084 4032; x_wconf 93' lang='grc'><strong>966</strong></span> <span class='ocrx_word' id='word_1_212' title='bbox 1109 3953 1185 4014; x_wconf 88' lang='lat' dir='ltr'><strong>bona</strong></span> <span class='ocrx_word' id='word_1_213' title='bbox 1211 3954 1340 4034; x_wconf 87' lang='lat' dir='ltr'><strong>ejusdem</strong></span> 
     </span>
     <span class='ocr_line' id='line_1_38' title="bbox 393 4048 1439 4116; baseline 0.004 -6"><span class='ocrx_word' id='word_1_214' title='bbox 393 4049 531 4110; x_wconf 78' lang='lat' dir='ltr'><strong>Ecclesioe</strong></span> <span class='ocrx_word' id='word_1_215' title='bbox 544 4048 759 4108; x_wconf 86' lang='lat' dir='ltr'><strong>confirmantur.</strong></span> <span class='ocrx_word' id='word_1_216' title='bbox 1369 4055 1439 4116; x_wconf 89' lang='lat' dir='ltr'><strong>ibid.</strong></span> 
     </span>
     <span class='ocr_line' id='line_1_39' title="bbox 352 4144 1441 4225; baseline 0.005 -17"><span class='ocrx_word' id='word_1_217' title='bbox 352 4149 478 4208; x_wconf 87' lang='lat' dir='ltr'><strong>Decreta</strong></span> <span class='ocrx_word' id='word_1_218' title='bbox 488 4145 599 4204; x_wconf 89' lang='lat' dir='ltr'><strong>Urbani</strong></span> <span class='ocrx_word' id='word_1_219' title='bbox 610 4144 697 4225; x_wconf 76' lang='lat' dir='ltr'><strong>Papae</strong></span> <span class='ocrx_word' id='word_1_220' title='bbox 707 4146 751 4205; x_wconf 91' lang='lat'><strong>11.</strong></span> <span class='ocrx_word' id='word_1_221' title='bbox 761 4147 792 4205; x_wconf 90' lang='lat' dir='ltr'><strong>in</strong></span> <span class='ocrx_word' id='word_1_222' title='bbox 807 4147 939 4209; x_wconf 88' lang='lat' dir='ltr'><strong>Concilio</strong></span> <span class='ocrx_word' id='word_1_223' title='bbox 950 4149 1145 4210; x_wconf 89' lang='lat' dir='ltr'><strong>Nemausensi</strong></span> <span class='ocrx_word' id='word_1_224' title='bbox 1158 4151 1226 4210; x_wconf 87' lang='lat' dir='ltr'><strong>anni</strong></span> <span class='ocrx_word' id='word_1_225' title='bbox 1237 4171 1351 4212; x_wconf 79' lang='lat' dir='ltr'><strong>nxcvr.</strong></span> <span class='ocrx_word' id='word_1_226' title='bbox 1382 4154 1441 4213; x_wconf 87' lang='grc'><strong>668</strong></span> 
     </span>
     <span class='ocr_line' id='line_1_40' title="bbox 352 4240 1340 4324; baseline 0.004 -17"><span class='ocrx_word' id='word_1_227' title='bbox 352 4247 388 4307; x_wconf 92' lang='lat' dir='ltr'><strong>Iu</strong></span> <span class='ocrx_word' id='word_1_228' title='bbox 402 4244 502 4306; x_wconf 87' lang='lat' dir='ltr'><strong>eodem</strong></span> <span class='ocrx_word' id='word_1_229' title='bbox 517 4240 649 4301; x_wconf 86' lang='lat' dir='ltr'><strong>Concilio</strong></span> <span class='ocrx_word' id='word_1_230' title='bbox 669 4253 775 4301; x_wconf 88' lang='lat' dir='ltr'><strong>terram</strong></span> <span class='ocrx_word' id='word_1_231' title='bbox 790 4243 822 4302; x_wconf 79' lang='lat' dir='ltr'><strong>S.</strong></span> <span class='ocrx_word' id='word_1_232' title='bbox 832 4245 943 4324; x_wconf 84' lang='lat' dir='ltr'><strong>AEgidii</strong></span> <span class='ocrx_word' id='word_1_233' title='bbox 967 4247 998 4306; x_wconf 88' lang='lat' dir='ltr'><strong>in</strong></span> <span class='ocrx_word' id='word_1_234' title='bbox 1012 4247 1099 4307; x_wconf 88' lang='lat' dir='ltr'><strong>Valle</strong></span> <span class='ocrx_word' id='word_1_235' title='bbox 1114 4247 1253 4309; x_wconf 86' lang='lat' dir='ltr'><strong>Flaviana</strong></span> <span class='ocrx_word' id='word_1_236' title='bbox 1267 4249 1340 4311; x_wconf 88' lang='lat' dir='ltr'><strong>Odi·</strong></span> 
     </span>
     <span class='ocr_line' id='line_1_41' title="bbox 391 4338 1442 4424; baseline 0.007 -24"><span class='ocrx_word' id='word_1_237' title='bbox 391 4342 451 4401; x_wconf 90' lang='lat' dir='ltr'><strong>loni</strong></span> <span class='ocrx_word' id='word_1_238' title='bbox 465 4338 574 4400; x_wconf 72' lang='lat' dir='ltr'><strong>Abbati</strong></span> <span class='ocrx_word' id='word_1_239' title='bbox 589 4338 678 4399; x_wconf 84' lang='lat' dir='ltr'><strong>donat</strong></span> <span class='ocrx_word' id='word_1_240' title='bbox 693 4339 876 4401; x_wconf 84' lang='lat' dir='ltr'><strong>Raimundus</strong></span> <span class='ocrx_word' id='word_1_241' title='bbox 890 4343 995 4404; x_wconf 87' lang='lat' dir='ltr'><strong>comes</strong></span> <span class='ocrx_word' id='word_1_242' title='bbox 1006 4344 1176 4405; x_wconf 87' lang='lat' dir='ltr'><strong>Tolosanns.</strong></span> <span class='ocrx_word' id='word_1_243' title='bbox 1382 4349 1442 4424; x_wconf 89' lang='grc'><strong>669</strong></span> 
     </span>
    </p>
   </div>
   <div class='ocr_carea' id='block_1_3' title="bbox 353 4435 1438 4522">
    <p class='ocr_par' dir='ltr' id='par_1_3' title="bbox 353 4435 1438 4522">
     <span class='ocr_line' id='line_1_42' title="bbox 353 4435 1438 4522; baseline 0.003 -21"><span class='ocrx_word' id='word_1_244' title='bbox 353 4441 426 4501; x_wconf 85' lang='lat' dir='ltr'><strong>Eum</strong></span> <span class='ocrx_word' id='word_1_245' title='bbox 442 4435 636 4497; x_wconf 87' lang='lat' dir='ltr'><strong>Donationem</strong></span> <span class='ocrx_word' id='word_1_246' title='bbox 651 4437 800 4496; x_wconf 83' lang='lat' dir='ltr'><strong>confirmat</strong></span> <span class='ocrx_word' id='word_1_247' title='bbox 816 4437 950 4499; x_wconf 84' lang='lat' dir='ltr'><strong>Urbanus</strong></span> <span class='ocrx_word' id='word_1_248' title='bbox 965 4441 1046 4522; x_wconf 77' lang='lat' dir='ltr'><strong>Papa</strong></span> <span class='ocrx_word' id='word_1_249' title='bbox 1061 4441 1104 4503; x_wconf 93' lang='lat' dir='ltr'><strong>ll.</strong></span> <span class='ocrx_word' id='word_1_250' title='bbox 1375 4447 1438 4522; x_wconf 88' lang='lat'><strong>630</strong></span> 
     </span>
    </p>
   </div>
   <div class='ocr_carea' id='block_1_4' title="bbox 0 0 1602 5108">
    <p class='ocr_par' dir='ltr' id='par_1_4' title="bbox 0 0 1602 5108">
     <span class='ocr_line' id='line_1_43' title="bbox 0 0 1602 5108; baseline 0 0"><span class='ocrx_word' id='word_1_251' title='bbox 0 0 1602 5108; x_wconf 95' lang='lat' dir='ltr'><strong> </strong></span> 
     </span>
    </p>
   </div>
  </div>
 </body>
</html>
