3164 5104
486 410 637 478 Dardanii
660 409 864 498 Spioilcpinm

125 663 280 722 Rarunrr
295 663 518 743 Arclriepisoopi
539 662 753 742 Lugdunensis,
776 672 806 720 et
828 661 965 739 Hugonis
982 661 1129 720 Ednensis

169 760 308 839 Episcopi
340 761 538 820 ordinationes
568 781 621 840 pro
648 759 897 820 administratione
924 758 1128 838 Archiepisco-
1173 809 1176 815 .

168 868 300 936 pataret
315 857 522 936 Episcopatus.
537 855 605 916 sede
619 865 748 916 vacante.
1170 855 1227 932 693

128 954 302 1012 Bonrrnorr
318 954 413 1012 Parra
429 953 520 1012 VIII.
535 953 669 1033 Epistola
684 952 721 1010 ad
736 952 846 1030 Regem
862 951 1078 1029 Majoricarum.
1170 955 1230 1030 694

127 1051 350 1109 Gurnnnnarua
367 1051 613 1130 Archiepiscopns
628 1049 859 1126 Rotomagensis,
876 1048 1047 1106 Domininm
1069 1048 1129 1108 Re.

169 1147 260 1225 gisia
274 1147 457 1205 Normannia
470 1148 507 1205 ab
519 1146 676 1206 interdicto
690 1145 803 1204 liberat.
1169 1147 1227 1223 695

130 1245 266 1323 Ejusdem
287 1264 320 1302 ac
340 1255 509 1302 caeterorum
525 1243 714 1302 Ncrmanniae
730 1242 921 1301 Praelatorum
936 1241 1072 1321 Epistola
1092 1241 1128 1302 de

166 1343 234 1418 jure
248 1352 419 1420 patronatus
432 1341 468 1399 ad
484 1339 653 1420 Philippum
669 1339 726 1398 lv.
742 1339 920 1398 Francorum
935 1338 1055 1416 Regem.
1121 1343 1124 1346 ”
1159 1337 1230 1398 ibid.

129 1439 225 1498 Saura
238 1439 258 1497 J
259 1439 339 1498 scobi
351 1439 558 1515 Majoricarum
575 1437 665 1515 Regis
679 1436 739 1495 iilia
752 1436 902 1507 naturalis,
914 1437 1129 1495 matrimonium

170 1536 316 1594 contrahit
330 1555 396 1594 oum
411 1533 502 1594 Petro
516 1533 699 1593 Gancerandi
714 1533 750 1592 de
765 1533 896 1592 Pinosio.
1170 1534 1231 1610 696

129 1633 315 1692 Prrrnrrrns
331 1632 389 1690 1v.
402 1632 580 1691 Francorum
594 1631 668 1700 Rex,
679 1649 779 1689 omnes
794 1629 933 1688 Praelatos
947 1649 981 1687 ac
994 1649 1131 1708 personas

171 1729 391 1788 Ecclesiasticus
405 1729 501 1807 Regni
516 1728 562 1786 sui
576 1729 652 1787 bona
672 1747 689 1785 a
709 1747 741 1786 se
761 1725 902 1804 acquisita
916 1727 1014 1804 quieta
1030 1737 1130 1785 tenere

168 1826 264 1903 jubet,
279 1825 367 1884 modo
381 1825 523 1884 decimam
537 1824 659 1884 solvant.
1171 1823 1229 1901 697

129 1924 214 1982 Idem
227 1925 265 1981 ob
280 1923 429 1982 victoriam
450 1923 481 1980 in
497 1921 636 1980 Flandria
656 1919 787 1987 relatam,
802 1923 921 1980 centum
934 1918 1023 1980 libras
1036 1939 1130 1978 annu.

172 2019 243 2078 atim
256 2019 409 2080 solvendas
421 2019 525 2079 tribuit
539 2017 678 2077 Ecclesia
693 2017 877 2076 carnutensi.
1170 2019 1231 2095 698

131 2117 214 2176 Idem
238 2116 390 2175 Ludovico
413 2117 497 2176 fratri
518 2115 698 2174 comitatum
724 2114 940 2184 Ebroioenaem,
965 2126 995 2174 et
1019 2114 1130 2192 aliquot

174 2215 386 2293 Proposituras
400 2215 534 2292 assignat.
1161 2212 1232 2274 ibid.

129 2312 341 2370 Muranum
361 2309 399 2370 de
413 2310 564 2388 Bellojoco
584 2309 734 2368 renuntiat
751 2309 886 2368 omnibus
906 2310 990 2369 bonis
1007 2309 1131 2370 loannis

173 2409 210 2468 de
232 2408 383 2468 Cabillona
405 2406 671 2467 Autissiodorensis
693 2405 817 2464 Comitis
838 2406 936 2466 mariti
960 2407 1015 2474 sui,
1037 2427 1131 2486 nuper

172 2505 235 2565 fato
249 2505 355 2564 functi.
1174 2521 1231 2579 700

130 2602 275 2661 Mandata
288 2601 357 2660 data
371 2601 461 2660 Petro
475 2601 511 2660 de
526 2600 649 2671 Paredo‚
666 2603 794 2661 Domino
810 2601 847 2661 de
861 2602 968 2670 Cheru,
985 2601 1079 2660 Priori
1095 2601 1132 2661 de

174 2697 310 2770 lilanillo,
326 2697 364 2756 ad
378 2699 496 2756 Curiam
511 2698 746 2758 Arenionensem
760 2699 847 2758 misso
861 2719 878 2758 a
892 2699 1057 2758 Parmeno
1073 2697 1129 2758 IV.

174 2795 354 2854 Francorum
370 2795 462 2873 Rege.
1162 2794 1231 2854 ibid.

131 2893 355 2951 Testamentum
371 2891 594 2950 &naumurum
609 2891 729 2971 Reginae
744 2893 960 2970 Majoricarum.
1174 2911 1231 2968 70²

132 2991 318 3050 Pararerns
338 2988 395 3049 IV.
419 2987 517 3048 debita
538 3009 556 3048 a
576 3009 607 3048 se
627 3000 775 3049 contracta
794 2990 881 3068 jubet
903 2989 940 3049 ad
960 2989 1038 3048 diem
1056 3009 1130 3068 prae·

175 3088 266 3146 linum
280 3087 365 3146 solvi.
1175 3102 1233 3160 704

133 3185 356 3243 Matrimonium
381 3194 563 3242 contractum
587 3183 664 3242 inter
684 3182 865 3242 Ferrandum
886 3181 989 3241 Jacobi
1009 3183 1130 3260 Majori-

173 3301 273 3341 carum
289 3281 378 3360 Regia
393 3281 495 3351 filium,
510 3293 541 3340 et
555 3279 707 3339 Isabellam
722 3279 809 3337 liliam
826 3279 956 3359 Philippi
970 3279 1131 3349 d’Ybellin,

175 3377 334 3438 Senescalli
348 3377 449 3458 Cypri.
1161 3377 1231 3437 ibid.

132 3475 275 3534 Sanciae
300 3473 508 3551 Majoricarum
531 3472 596 3532 Rex
621 3472 772 3532 confirmat
796 3472 918 3532 feudum
939 3493 956 3532 a
976 3473 1133 3553 predeces-

174 3571 289 3630 soribus
302 3571 363 3630 suis
376 3571 501 3629 dominia
515 3569 551 3627 de
566 3569 598 3629 S.
607 3569 722 3628 Joanne
736 3569 883 3628 collatum.
1175 3590 1230 3648 705

134 3668 242 3726 Servos
269 3687 369 3726 omnes
395 3669 426 3726 in
454 3667 596 3726 domaniis
624 3668 684 3726 suia
712 3667 799 3726 certia
823 3667 995 3745 quibusdam
1019 3667 1133 3746 legibus

174 3765 342 3824 manumitti
352 3764 438 3842 jubet
452 3765 636 3826 Lunovrcus
651 3764 690 3821 X.
706 3763 885 3822 Francorum
900 3763 974 3824 Rex.
1176 3781 1232 3841 707

134 3863 217 3920 Idem
231 3881 329 3921 servos
343 3861 380 3920 ad
394 3861 557 3921 libartatem
572 3860 760 3920 obtinendam
775 3860 852 3939 adigi
863 3861 958 3937 jubet.
1163 3861 1233 3920 ibid.

135 3959 276 4038 Ejusdem
291 3959 426 4038 Epistola
438 3957 475 4016 ad
490 3957 638 4016 (iasonem
654 3957 832 4036 Episcopum
847 3958 1083 4017 Laudunensem.
1162 3957 1233 4018 ibid.

135 4054 284 4114 Bonam
299 4054 519 4134 Archiepisoopi
535 4054 687 4114 Remensis
702 4053 837 4132 Epistola
856 4054 893 4114 ad
915 4055 1013 4135 plures
1027 4055 1133 4114 Archi-

175 4151 327 4230 episcopos
341 4164 371 4210 et
385 4151 554 4230 Episcopos.
1164 4151 1233 4210 ibid.

133 4249 259 4307 AEurnrr
283 4249 504 4328 Archiepiscopi
533 4249 754 4327 Rotomageasis
779 4245 914 4329 Epistola
940 4249 977 4308 ad
1001 4249 1131 4308 Ludovi·

174 4365 243 4404 curn
260 4344 299 4402 X.
315 4343 493 4403 Francorum
509 4345 630 4424 Regem.
1175 4343 1233 4418 708

134 4443 240 4500 Parni
265 4439 440 4500 Patriarchoe
463 4439 712 4519 Jerosolymitani‚
736 4453 767 4500 et
790 4441 929 4520 Episcopi
955 4439 1131 4500 Rutenenais

172 4539 266 4598 literae
280 4539 446 4598 hortatoria
459 4537 496 4597 ad
511 4537 726 4618 expeditionem
741 4538 970 4598 transmarinam.
1160 4535 1232 4596 ibid.
