3172 5108
420 377 712 442 Balaaia'ctMaasi
726 377 933 443 Miscellaneam
1166 381 1232 449 177

122 633 248 692 Litteras
261 632 368 710 quibus
388 631 523 690 Domnus
537 631 637 691 Abbas
651 633 837 692 Onccarccs
857 631 958 692 Sancti
973 631 1130 691 Michaelis
1170 550 1230 615 Q·

163 729 204 788 ad
227 730 343 788 Mosam
365 729 443 808 apud
461 727 666 808 Apostolicum
687 729 839 788 Urbanum
855 729 897 788 11.
912 727 1080 808 impetravit
1095 739 1129 788 ut

165 825 318 904 sepultura
331 825 407 884 circa
421 825 495 885 banc
509 824 670 884 Ecclesiam
684 825 921 884 constitueretur.
1190 827 1226 886 61

123 921 323 982 Auctoritatis
337 923 513 998 Apostolicoe
529 921 725 1001 Rescriptum.
1153 923 1226 982 ibid.

123 1017 235 1078 Literae
249 1019 428 1078 Arsennaria
444 1018 664 1098 Archicpiscopi
685 1018 916 1078 Mediolanensis
936 1018 973 1077 de
996 1018 1129 1078 Ecclesia

165 1115 200 1174 S.
211 1116 314 1174 Mariae
328 1115 365 1176 de
379 1115 570 1174 calvenzano.
1161 1117 1231 1178 ibid.

124 1211 250 1270 Litterae
264 1212 417 1270 Enniani
432 1212 573 1292 Episcopi
587 1211 823 1280 Cenomanensis,
838 1211 874 1270 dc
890 1211 1010 1292 Capella
1025 1213 1126 1272 Sablo-

166 1309 217 1366 bii.
1189 1311 1228 1369 62

125 1405 258 1464 Donatio
274 1405 422 1465 licensis
436 1403 659 1484 Archicpiscopi
672 1402 880 1482 Lugdunensis
892 1403 930 1464 de
944 1403 1077 1466 Ecclesia
1093 1406 1126 1466 S.

167 1501 317 1560 Germani.
1157 1503 1228 1563 ibid.

124 1599 285 1658 Lnnovrcr
312 1601 363 1657 Vl.
391 1601 570 1658 Francorum
599 1598 690 1676 Regis
716 1607 894 1677 preceptum
926 1598 963 1658 da
994 1599 1128 1660 libertate

166 1695 294 1755 testandi
310 1707 339 1756 et
353 1695 480 1756 bellandi
494 1717 547 1775 pro
560 1696 651 1756 servis
666 1694 806 1754 Ecclesia
822 1695 1000 1756 Parisiensis.
1159 1699 1229 1759 ibid.

125 1793 293 1858 Concessio,
303 1814 390 1871 quarn
407 1793 551 1852 Porsmus
566 1791 666 1850 Abbas
679 1791 879 1850 Cluniacensis
893 1793 963 1852 fecit
979 1793 1128 1854 Bernardo

167 1887 396 1968 Archicpiscopo
411 1889 564 1948 Toletano.
1187 1892 1226 1967 63

125 1985 197 2044 Alia
211 1985 367 2046 Concessio
382 1987 459 2045 lacta
473 1985 578 2045 Eskilo
592 1984 821 2064 Archicpiscopo
834 1985 995 2046 Lundensi.
1158 1989 1228 2048 ibid.

125 2086 237 2144 Charta
252 2086 464 2144 llrnnsanncr
481 2084 621 2164 Episcopi
636 2083 870 2143 Cenomanensis.
1157 2087 1228 2146 ibid.

125 2183 317 2240 Confirmatio
332 2183 457 2261 rp'asdem
474 2183 688 2239 Hrcnnannm
704 2179 741 2238 de
756 2179 887 2239 Ecclesia
901 2180 937 2240 de
952 2181 1101 2240 Torciaco.
1156 2184 1228 2244 ibid.

126 2279 245 2337 Notitia
259 2279 296 2337 de
309 2289 409 2338 monte
424 2278 569 2336 Modesto.
1157 2279 1228 2338 ibid.

126 2375 246 2434 Notitia
261 2375 400 2434 Ecclesia
413 2376 445 2434 S.
457 2375 561 2434 Maria
575 2374 612 2433 de
626 2372 789 2432 Avenariis.
1155 2376 1227 2436 ibid.

127 2473 312 2551 Praeceptum
327 2472 364 2532 de
379 2471 513 2532 Ecclesia
527 2472 558 2531 S.
570 2470 693 2529 Martini
707 2469 744 2528 de
758 2469 931 2528 Bellissimo.
1188 2473 1230 2548 64

126 2570 237 2628 Charta
251 2569 468 2628 Hrnnnseanr
484 2588 526 2626 nn
541 2569 741 2626 Lavaazrso.
1143 2569 1227 2634 ,ibid

126 2665 175 2725 De
193 2677 413 2726 audommento
427 2667 621 2725 Garunnam
637 2664 754 2722 Gornnr
776 2661 812 2722 de
834 2663 966 2724 Ecclesia
987 2665 1018 2724 S.
1032 2665 1127 2725 Guin.

165 2761 272 2841 galaei.
1185 2764 1223 2841 65

125 2858 392 2918 Auctoramentum
406 2859 597 2918 Gcracaamr
613 2858 731 2916 Gornn1
747 2855 783 2914 de
799 2855 831 2916 S.
844 2856 1035 2936 Guingaloeo.
1157 2860 1227 2920 ibid.

126 2957 350 3037 cyrographum
364 2958 441 3017 inter
455 2977 508 3016 nos
521 2966 552 3015 et
562 2953 723 3015 Monachos
738 2952 769 3012 S.
782 2952 884 3012 Albini
899 2953 935 3014 de
951 2953 982 3012 S.
995 2955 1126 3034 Guinga.

167 3053 243 3113 loeo.
1156 3053 1226 3113 ibid.

126 3151 248 3210 Notitia
261 3149 298 3210 de
313 3150 444 3210 Ecclesia
458 3150 494 3210 de
507 3153 610 3211 Ponte.
1157 3153 1227 3212 ibid.

128 3249 220 3307 Varia
234 3249 311 3308 Acta
324 3269 377 3329 pro
391 3249 456 3308 loco
470 3249 506 3308 dc
519 3248 715 3311 Amanaenas.
742 3275 744 3282 ·
1187 3219 1230 3310 66

126 3345 318 3405 Onancaarr
342 3345 560 3422 Archicpiscopi
586 3346 809 3406 Tarraconensis
833 3345 968 3426 Epistola
995 3346 1032 3406 sd
1056 3346 1126 3406 Rai-

166 3442 312 3501 mundum
327 3441 506 3522 Episcopum
518 3441 720 3502 Ausoncnsem
735 3444 947 3522 suffraganeum
963 3464 1127 3522 suamquc

167 3541 233 3616 ejus
245 3538 452 3598 consultationi
467 3539 630 3617 respondet.
1185 3541 1226 3598 68

128 3636 286 3696 Placitatio
299 3636 376 3694 inter
389 3633 535 3694 Abbatem
550 3635 717 3696 hannonem
736 3637 836 3696 Sancti
851 3637 1004 3696 Michaelis
1017 3648 1048 3696 et
1062 3637 1124 3696 Ab·

165 3732 303 3792 batissam
318 3731 470 3790 Joviniaci.
1156 3733 1225 3792 ibid.

126 3828 319 3907 Privilegium
334 3829 528 3888 Innocuam
544 3829 588 3888 ll.
605 3830 640 3889 de
655 3829 787 3890 Ecclesia
802 3830 927 3910 Tyriaci.
1187 3832 1226 3906 69

125 3925 203 3985 Acta
218 3925 377 3984 concordiae
394 3926 474 3984 initoe
488 3926 565 3986 inter
579 3927 741 3986 Canonicos
757 3927 960 3986 Euthenenses
974 3937 1004 3985 et
1019 3927 1125 3985 Morm-

165 4024 237 4082 chos
252 4021 450 4082 Massilienses
468 4043 555 4102 saper
570 4023 703 4084 Ecclesia
718 4023 819 4084 Sancti
834 4023 967 4082 Anrsntii
980 4033 1011 4082 et
1027 4023 1125 4102 sepul.

164 4131 234 4178 tura
247 4119 353 4177 civium
370 4119 614 4179 Euthenensium.
1186 4135 1224 4192 70

125 4215 215 4274 Bulla
226 4215 322 4274 Lucu
335 4215 377 4274 11.
394 4217 487 4274 Para
501 4216 698 4276 confirmantis
711 4217 889 4296 superiorem
903 4217 1134 4277 transactionem.
1156 4214 1224 4273 ibid.

125 4310 263 4392 Epistola
276 4313 399 4370 inoas
414 4313 559 4390 quondam
574 4313 699 4372 Abbatis
713 4313 973 4392 Maurigniacensis
993 4311 1029 4370 ad
1050 4310 1124 4368 San-

165 4419 247 4468 ctum
264 4408 445 4469 Bernsrdum
460 4409 605 4470 Abbatem
621 4408 872 4469 Clarevallensem.
1153 4405 1230 4466 ibid.'

663 4523 685 4562 N
