3164 5104
505 421 686 489 Mobilloaii
706 423 866 490 Amissis.

129 677 254 734 Veteres
267 673 390 732 litaniae
405 673 584 752 Angliesnn,
598 693 616 731 s
628 671 709 731 mille
723 672 819 730 Annis
832 672 927 732 editae.

129 769 257 828 lamnia
271 768 420 827 Carolinae.

130 866 255 925 Initium
270 865 410 924 Historia
426 865 571 925 Passionis
585 867 758 925 Sanctorum
774 865 1002 924 scillitanorum.

130 962 233 1022 Passio
258 961 289 1020 S.
309 962 453 1020 Demetrii
479 963 628 1042 Martyris,
657 981 709 1040 per
736 961 944 1020 Anssrssruu
972 959 1003 1018 S.
1020 960 1056 1018 R.
1073 960 1110 1018 Ε.

172 1058 438 1118 Bibliotbsearium.

127 1153 209 1214 Aeta
223 1156 255 1214 S.
267 1155 408 1234 Οτὶψίῃω
418 1155 550 1232 Virginis
566 1165 597 1214 et
610 1153 760 1232 Martyria.

128 1251 233 1310 Passio
246 1251 276 1310 S.
285 1251 449 1309 Mammarii
463 1251 606 1330 Martyris
620 1251 651 1307 in
665 1249 777 1308 Africa.

128 1347 233 1405 Passio
246 1347 278 1406 S.
287 1347 491 1406 Maximilisui.
1168 1349 1221 1405 181

127 1443 259 1502 Marculi
271 1443 412 1522 Martyris
426 1442 589 1502 Donatista
602 1445 707 1522 passio.
1167 1445 1222 1502 182

128 1539 338 1618 Fragmentum
354 1539 495 1618 Epistulae
509 1539 674 1599 Maononrr
690 1538 853 1597 Donatius
866 1538 903 1597 ad
924 1537 1037 1617 plebem
1052 1541 1122 1596 Car.

170 1635 379 1714 tbaginensem,
390 1635 426 1694 de
439 1636 571 1714 passione
581 1634 752 1694 Maximiani
766 1644 797 1692 et
808 1633 887 1692 Isaac
898 1633 1127 1693 Donatistarum.
1166 1635 1220 1711 185

128 1730 232 1790 Passio
247 1731 418 1790 Theodoriti
432 1731 595 1811 Poesbyteri
609 1730 785 1789 Antioobiae.
1169 1732 1222 1806 187

127 1821 230 1880 Passio
245 1821 276 1880 S.
288 1821 414 1902 Philippi
429 1823 569 1902 Episcopi
584 1821 798 1901 Hadrianopoli
812 1820 953 1880 Thracis.
1165 1823 1222 1899 189

127 1916 203 1974 Vita
223 1915 255 1974 S.
272 1915 446 1994 Hieronymi
468 1915 645 1996 Presbyteri,
668 1926 796 1982 auctore,
821 1925 856 1974 ut
880 1914 1005 1982 videtur,
1026 1916 1115 1974 Gun-

169 2029 277 2070 uamo.
1166 2031 1223 2089 194

126 2107 269 2186 Eloginm
291 2108 323 2167 S.
336 2107 509 2187 Hieronymi
528 2128 562 2167 se
575 2108 607 2168 S.
619 2107 789 2187 Augustini,
804 2127 841 2168 ex
859 2107 933 2167 libro
947 2108 1116 2167 Gnsnsnn

168 2204 362 2264 Massiliensis
375 2205 416 2264 de.
424 2205 494 2264 viris
506 2203 678 2264 illustribus.
1168 2221 1221 2282 197

125 2300 226 2360 Aridii
240 2300 364 2359 Abbatis
379 2300 551 2360 Attsnensis
565 2299 647 2370 Vita,
667 2310 786 2362 sumere
810 2299 841 2358 S.
856 2298 1028 2359 Gnsaonro
1046 2299 1121 2378 Epi.

168 2417 256 2476 soopo
271 2397 444 2456 Turonensi.
1167 2400 1223 2474 198

126 2491 271 2568 Ejusdem
285 2491 399 2550 Aaron
414 2493 645 2552 Testamentum.
1166 2495 1223 2552 208

126 2588 233 2648 Brevis
253 2588 392 2647 Narratio
418 2588 455 2648 de
478 2589 681 2648 Translatione
706 2590 843 2668 Corporis
864 2589 896 2648 S.
912 2587 1066 2648 Benedicti
1090 2589 1121 2648 in

168 2687 305 2746 Galliam.
1164 2705 1216 2746 an

126 2783 300 2843 Hrsomr
327 2781 546 2861 Arebiepisoopi
575 2781 728 2841 Romanus
756 2780 890 2860 Epistola
919 2781 956 2840 sd
983 2782 1121 2842 carolum

168 2880 387 2958 Imperatorem,
401 2877 438 2938 de
454 2878 627 2937 auctoritate
640 2877 707 2936 vitm
721 2877 754 2936 S.
766 2877 901 2956 Dionysii
915 2877 951 2936 ab
964 2877 1120 2939 Anastasio

167 2975 291 3034 tralata.
1165 2993 1220 3034 212

126 3073 279 3130 Hunorus
299 3071 505 3129 Archidiaooni
524 3069 703 3128 Turonensis
724 3068 866 3147 Dialogus
889 3070 925 3128 ad
948 3069 1121 3130 Fnlbsrtum

167 3166 306 3225 Amicum
334 3185 430 3234 mrum,
455 3165 492 3224 (le
519 3163 643 3242 quodam
668 3163 808 3224 mirsmrlo
834 3164 913 3242 qnod
939 3166 1063 3244 eontigit
1089 3166 1119 3222 in

168 3260 370 3320 Translatione
382 3259 415 3320 S.
424 3260 558 3319 Martini.
1164 3279 1219 3336 213

126 3359 255 3418 Gnarus
269 3357 403 3438 planetus
416 3357 588 3436 rythmicas,
599 3356 695 3434 Super
708 3368 802 3417 morte
812 3356 977 3416 Constantii
986 3358 1123 3418 Monaehi

167 3454 371 3513 buxeriensis.
1163 3473 1221 3531 217

125 3551 222 3612 Index
235 3552 449 3611 vetustissimus
462 3551 661 3610 Romanorum
677 3550 862 3610 Pontificum.
1164 3553 1221 3611 218

125 3648 214 3707 Alter
226 3647 394 3708 eorumdem
408 3646 503 3706 ludex
517 3646 772 3726 paulorsoentior.
1163 3669 1221 3727 219

125 3744 276 3824 Diptyoha
289 3744 428 3803 Eoolsuse
441 3741 632 3802 Arelatensis.
1164 3763 1222 3805 22ο

125 3841 247 3920 Triplex
262 3839 359 3898 Series
372 3838 666 3918 Arobiepisooporum
680 3837 902 3908 Viennensium,
917 3847 948 3897 et
962 3839 1120 3920 Episoopo.

165 3956 231 3994 rum
247 3935 524 4015 Gratianopolitans
538 3935 631 3994 Sedis·
1150 3939 1221 3997 ibid.

126 4033 259 4091 Nomina
273 4031 485 4110 Episooporum
499 4030 770 4089 Matisconsnsium.
880 4073 884 4082 .
1164 4052 1218 4092 221

123 4131 198 4186 Acts
211 4125 505 4206 Archiepisooporum
520 4125 788 4203 Rotomsgeusium.
1165 4147 1221 4186 222

125 4222 219 4280 Vetus
243 4220 370 4279 formula
392 4219 555 4279 celebrandi
580 4219 704 4279 Consilii
727 4218 916 4278 Prouincialis
939 4220 969 4277 in
992 4220 1121 4280 Doclesis

166 4315 386 4394 Rotomagensi.
1166 4319 1223 4375 226

123 4413 215 4472 Ritus
229 4411 383 4470 ordinandi
399 4411 538 4489 Episcopi
552 4410 583 4468 in
598 4408 759 4488 Metropoli
774 4408 991 4486 Rotomagensi.
1166 4413 1223 4470 228

646 4524 666 4564 u
683 4523 697 4561 2
