3164 5104
403 396 545 464 Kolloris‘
557 397 709 464 Analecta
722 398 994 466 Mammosam

143 633 291 694 ueaenno
310 635 495 696 seruorum
516 647 546 697 et
562 638 782 717 mnregromm
798 637 898 717 Regio
911 637 1070 698 sommo
1085 639 1145 696 m
1237 604 1245 618 ’

186 731 292 800 risina,
308 752 374 791 cum
394 733 509 812 integro
530 733 589 794 alio
608 733 767 794 eorundem
788 743 1045 794 monumentorum
1066 743 1145 794 cats-

186 827 253 908 logo
266 847 345 888 nunc
359 830 483 908 primum
499 830 588 892 odito.
1187 847 1245 906 307

189 1039 344 1106 Recensio
366 1041 502 1108 XXIV.
518 1065 615 1109 manu
637 1052 843 1110 exaratorum
864 1044 1008 1109 codicum
1028 1043 1245 1110 Oaessroornm

142 1141 187 1206 ad
202 1142 302 1207 vitam
317 1151 350 1208 et
365 1166 416 1210 rea
436 1151 545 1231 gestas
565 1145 670 1212 Oaroli
691 1147 738 1211 M.
754 1147 1001 1232 pertinentium
1026 1168 1066 1211 ex
1088 1145 1203 1231 quibua
1225 1164 1246 1210 a

144 1243 316 1311 lambecio
330 1247 460 1334 uulgato
474 1249 603 1314 luemnt
617 1249 703 1314 hmc:

143 1392 193 1468 (ι)
210 1393 259 1450 Ex
274 1393 373 1452 codice
388 1394 570 1454 Psalmorum
579 1395 665 1471 jussu
680 1395 776 1455 Caroli
789 1395 835 1454 M.
845 1415 863 1454 a
874 1393 1003 1472 Degulfo
1017 1391 1141 1472 quodam

184 1491 302 1570 scripto,
338 1511 396 1568 qno
432 1491 468 1549 B.
505 1492 703 1571 Hildegnrdis,
732 1491 828 1552 Caroli
856 1491 903 1549 M.
932 1490 1059 1567 Conjux,
1091 1508 1144 1548 usa

184 1586 276 1646 fuisse
295 1587 400 1656 fertur,
420 1587 595 1668 amplissima
615 1589 820 1668 prolegomena
844 1607 911 1647 cum
930 1585 1039 1646 'situlis
1061 1584 1143 1644 Psal-

184 1703 310 1742 m⁰¹¹¹¹1¹·
1104 1695 1242 1758 345-347

144 1781 192 1855 (α)
209 1780 241 1839 S.
258 1780 419 1840 Gnuconu
442 1782 489 1840 M.
502 1779 749 1852 Benedictionale,
764 1781 951 1841 aLambecio
965 1801 1018 1860 pro
1032 1778 1143 1838 inedito

184 1877 329 1946 habitum,
346 1877 563 1957 vulgatumque.
1182 1892 1241 1951 415

144 1974 194 2050 (3)
212 1973 345 2052 Antiqua
366 1975 491 2034 formula
515 1976 703 2035 confessionis
723 1975 892 2035 auricularis
910 1975 1074 2042 Theotisca,
1096 1995 1141 2034 re·

182 2071 321 2130 nentioris
335 2072 506 2130 Teutonicae
531 2071 647 2130 dialecti
668 2073 800 2132 versione
822 2070 999 2130 interlineari
1020 2071 1142 2130 aham-

183 2165 266 2224 becio
280 2165 433 2243 explicata.
1183 2167 1243 2240 446

143 2263 195 2341 (4)
212 2263 363 2343 Anonymi,
387 2264 448 2340 qui,
465 2275 506 2348 ut
527 2285 564 2324 ex
590 2264 716 2344 Prologo
743 2263 906 2342 intelligere
933 2263 1011 2332 licet,
1034 2282 1141 2323 occur.

182 2360 267 2418 annis
286 2371 353 2440 post
376 2361 488 2420 obitum
510 2361 607 2420 Caroli
629 2363 674 2420 M.
690 2373 819 2438 tempore
838 2361 1024 2439 Imperatoris
1037 2359 1139 2419 Fride-

182 2456 236 2515 rici
251 2457 276 2515 1.
292 2457 368 2516 circa
388 2477 496 2516 annum
517 2475 640 2516 crocnx.
655 2458 740 2524 vixit.
756 2456 899 2536 Prologus
913 2468 972 2516 tam
989 2457 1140 2535 generalis,

183 2573 271 2630 quam
285 2553 426 2632 cujusque
439 2553 507 2612 libri
521 2554 674 2633 singularis
688 2575 746 2614 una
760 2575 827 2615 cum
846 2555 973 2634 capitum
987 2573 1141 2633 argumen-

183 2652 223 2710 tis
236 2652 326 2709 trium
340 2649 480 2710 librorum
494 2650 531 2710 de
545 2653 697 2712 sanctitate
716 2652 885 2712 meritorum
907 2661 937 2710 et
950 2650 1043 2729 gloria
1056 2650 1140 2709 mira·

183 2747 315 2806 culorum
332 2747 364 2805 S.
380 2747 477 2806 Caroli
491 2748 538 2806 M.
1181 2751 1242 2825 469

142 2847 193 2922 (5)
210 2845 279 2902 Duo
299 2843 503 2924 supplementa
527 2845 667 2904 Historiae
689 2844 726 2904 dc
753 2845 841 2924 gestis
866 2843 963 2902 Caroli
985 2843 1030 2900 M.
1052 2843 1141 2921 vulgo

184 2939 1138 3019 Turpino,velTilpin0RhemensiumArchiepiscopo,adscriptae.
1181 2941 1240 3014 478

141 3040 193 3115 (6)
209 3038 375 3115 specimina
389 3037 491 3096 Divini
505 3037 604 3096 Officii
616 3048 647 3096 et
660 3039 759 3097 Missae
773 3037 809 3096 (le
824 3037 856 3095 S.
872 3036 970 3096 Caroli
982 3037 1027 3094 M.
1179 3037 1241 3112 489

141 3135 193 3212 (7)
211 3134 342 3194 Annales
353 3134 525 3202 Fortenses,
535 3154 571 3193 ex
582 3136 714 3194 Caesareo
725 3134 825 3194 codice
836 3154 853 3192 a
864 3133 1020 3192 Lambecio
1031 3131 1141 3192 frustra

182 3233 325 3310 castigati,
340 3252 398 3290 non
413 3231 511 3290 inutili
524 3242 621 3290 tamen
636 3231 839 3311 supplemento
853 3229 972 3309 expleti.
1182 3245 1241 3304 500

140 3331 192 3404 (8)
208 3329 390 3389 Eorumdem
408 3329 578 3399 Annalium,
594 3349 611 3387 a
633 3330 761 3388 Frehero
779 3339 809 3388 et
830 3327 987 3386 Duchenio
1007 3326 1140 3406 vulgato·

183 3447 259 3498 mm,
286 3426 390 3486 lacuna
417 3427 519 3506 ingens
546 3448 583 3487 ex
611 3427 785 3486 membranis
812 3424 960 3491 Caesareis,
985 3423 1143 3484 Lambecio

181 3524 302 3603 ignotis,
318 3544 395 3583 nunc
409 3523 533 3604 primum
548 3523 671 3601 expleta.
1182 3536 1239 3596 523

141 3624 191 3699 (9)
208 3621 319 3680 Breves
346 3619 477 3679 Annales
505 3619 692 3685 Francorum.
718 3639 772 3698 pro
799 3617 916 3677 ineditis
940 3637 957 3674 a
984 3615 1140 3674 Lambecio

180 3717 283 3786 habiti,
298 3738 329 3776 re
342 3719 405 3796 ipsa
418 3729 516 3776 autem
533 3717 604 3776 Pars
618 3718 696 3796 prior
713 3715 848 3776 Chronici
864 3711 1128 3775 Hildeslrer'meusis.
1181 3729 1241 3789 549

140 3819 152 3889 (
161 3819 210 3887 ro)
227 3814 435 3892 Fragmentum
447 3812 607 3872 Annalium
623 3814 827 3872 Francicorum
843 3812 878 3869 ab
892 3830 968 3868 anno
983 3827 1138 3867 mccxcrv.

181 3931 274 3988 usque
288 3911 325 3970 ad
339 3931 448 3969 annum
464 3929 602 3970 rocccrrr.
645 3912 768 3970 Auctore
783 3931 837 3968 non
851 3908 1008 3986 designato.
1181 3923 1236 3984 571

139 4012 168 4080 (ι
178 4010 209 4082 1)
226 4007 381 4086 Specimen
397 4006 544 4065 Poematis
564 4005 601 4065 de
623 4007 723 4066 Rebus
746 4006 835 4084 gestis
857 4003 954 4062 Caroli
969 4004 1014 4061 M.
1031 4015 1060 4062 et
1076 4003 1140 4062 Ru.

180 4104 271 4172 landi,
293 4103 421 4180 antiquis
441 4103 584 4181 rhythmis
608 4102 796 4170 Germanicis,
818 4120 942 4178 quorum
965 4109 1076 4165 auctor,
1095 4098 1140 4157 vel

180 4202 273 4280 magis
287 4201 474 4269 instaurator,
489 4201 706 4259 Srnrcnunum
721 4219 751 4257 se
766 4197 903 4278 adpellat.
1182 4195 1240 4269 587

138 4299 170 4373 (1
180 4304 210 4371 ι)
228 4299 323 4356 Breve
345 4295 579 4376 supplementum
595 4296 735 4354 Historiae
750 4295 902 4354 Tuscani
919 4291 1137 4372 Chorespiscopi

182 4394 374 4462 Trevirensis,
389 4393 426 4453 de
441 4393 571 4452 Rebnsa
586 4392 736 4452 Ludovico
752 4390 807 4448 Pio
822 4391 896 4469 imp.
910 4390 1007 4467 gestis.
1181 4405 1240 4463 594
