3172 5108
490 408 590 474 aaa
605 408 757 494 meante
772 409 887 473 am.

127 577 160 634 S.
176 577 343 636 Lucienus
357 576 483 657 Martyr.

128 673 270 754 Hymnae
284 673 485 752 Vcepertiuua.

128 771 294 832 Turonas.

127 869 159 928 S.
178 870 311 931 Pennus
326 871 553 932 Alexandrinus.

128 965 159 1024 S.
176 967 333 1028 Peranna.

128 1061 255 1121 Concilii
269 1063 418 1144 Ancyrani
433 1063 575 1123 canones.

127 1159 254 1219 Concilii
268 1161 300 1219 N
301 1161 511 1222 eoeaesarieneie
526 1161 668 1220 Canones.

193 1413 296 1510 Index
311 1414 550 1500 Opueculorum,
568 1413 686 1500 quaein
702 1413 803 1480 Tomo
819 1413 942 1496 Quarto
957 1413 1161 1480 collocantur.

127 1601 264 1660 Incertus
279 1601 387 1661 Auctor
401 1600 437 1660 de
451 1601 571 1660 Conone
586 1601 617 1660 S.
633 1603 858 1678 Scripturarum.
1125 1604 1194 1682 Peg.
1211 1623 1227 1678 3

126 1698 294 1758 Concilium
310 1699 534 1759 illiberitanum.

127 1796 296 1854 Concilium
311 1795 487 1855 Romanum.

127 1894 223 1953 Gesta
237 1893 422 1973 Purgationis
436 1893 554 1954 Felicia.

127 1991 265 2068 Epistola
280 1992 355 2072 Imp.
371 1991 588 2050 Conernnrrnr
605 1992 650 2050 lll.
665 1991 701 2050 ad
718 1993 904 2052 Probianurn.

126 2090 297 2149 Concilium
311 2089 483 2149 Arelatenae
499 2089 525 2148 I.

127 2187 222 2246 Getta
235 2186 313 2267 apud
327 2187 531 2267 zenophilum.

126 2284 288 2344 Accusatio
301 2285 333 2342 in
346 2285 529 2344 Mensurium
544 2295 574 2344 et
592 2284 769 2344 Secundum.
793 2285 840 2342 Ex
856 2287 887 2344 S.
904 2283 1084 2362 Augustino.

125 2382 301 2441 Aacrrnnur
316 2383 486 2462 Disputatio
500 2403 565 2442 cum
580 2384 710 2449 Manete¹
727 2403 763 2441 ex
778 2385 897 2460 antiqua
911 2383 1051 2440 versione.
1175 2401 1230 2461 119

124 2478 243 2538 Addita
255 2478 386 2556 quedam
407 2479 444 2538 ad
461 2479 635 2539 Archelaum
650 2491 680 2539 et
695 2481 727 2538 S.
743 2479 918 2561 Dionysium
934 2478 1023 2538 Alex.
1040 2480 1129 2559 perti-

169 2577 280 2635 nentia.
1174 2577 1229 2636 282

125 2673 277 2754 Apologia
305 2673 336 2734 S.
360 2675 524 2733 Phuenrnr
555 2675 696 2754 Martyris
727 2695 780 2754 pro
808 2675 945 2754 Origene,
973 2695 989 2733 a
1020 2675 1128 2733 Rufino

170 2773 276 2830 Latine
290 2792 379 2830 versa.
1173 2774 1230 2848 289

126 2872 307 2948 Fragmenta
321 2869 353 2928 S.
367 2869 516 2928 Drouusn
534 2869 736 2939 Alexandrini,
748 2891 784 2928 ex
800 2869 881 2928 libris
897 2870 961 2946 ejus
975 2870 1011 2928 de
1025 2881 1129 2927 natura

169 2966 207 3025 ad
221 2967 419 3025 Timotheum.
1170 2981 1227 3042 345

126 3065 340 3123 Aeonnrranrs
356 3065 573 3142 Fragmentum.
1170 3065 1227 3138 383

188 3259 279 3323 Idem
307 3257 355 3322 vir
391 3257 524 3322 eximius
553 3279 637 3322 anno
667 3281 864 3322 unocoxxxn.
898 3257 1050 3343 Optucuda
1081 3259 1228 3342 quaedam

126 3364 318 3448 Scriptorum
335 3361 614 3426 aeclesiasticam
635 3361 743 3426 edidit.
790 3361 854 3426 Sed
876 3360 937 3426 iste
959 3360 1039 3424 liber
1059 3382 1138 3425 auro
1158 3383 1227 3446 pre-

127 3466 240 3530 tiosior
254 3465 436 3530 referendus
456 3471 505 3528 eat
520 3463 553 3526 in
574 3485 739 3527 numerum
757 3463 1062 3527 Odreatmnotliaram
1079 3465 1227 3528 Potrieti-

125 3591 243 3648 oaram,
267 3576 303 3633 ut
327 3569 508 3654 loquuntur,
535 3589 614 3652 quas
638 3587 801 3630 recensere
823 3589 887 3631 non
909 3573 958 3631 est
987 3567 1126 3631 instituti
1153 3567 1227 3631 mei.

127 3673 202 3736 vu.
218 3669 358 3736 warenn
373 3671 456 3734 niu.
474 3670 607 3734 Patrio.
623 3669 710 3733 nuit.
728 3669 828 3734 nam.
843 3693 874 3755 p.
892 3688 909 3732 2
911 3687 963 3755 54.
981 3687 998 3732 2
1000 3685 1020 3754 5
1022 3689 1054 3754 5.

606 3931 751 4001 XLIII.

169 4129 271 4194 Haud
292 4129 339 4193 ita
359 4129 482 4214 pridem
497 4129 544 4192 vir
566 4127 794 4206 celeberrimus,
812 4125 959 4188 Auernus
975 4127 1092 4204 Marce,
1109 4127 1224 4191 Biblio-

123 4233 229 4298 thecae
259 4232 423 4296 Vatioanae
447 4231 632 4307 Praefectus,
659 4233 756 4313 (nunc
785 4246 960 4316 purpuram
985 4228 1225 4293 cardinalitium

123 4335 241 4401 merito
261 4335 415 4414 indutus.)
434 4339 543 4398 vetera
558 4332 704 4417 quadam
721 4333 932 4396 Monumenta
946 4338 1015 4395 tum
1038 4352 1139 4408 sacra,
1155 4339 1224 4395 turn

124 4439 305 4527 profanae
323 4436 485 4501 Vaticanis
508 4435 667 4500 codicibus
689 4435 781 4498 edere
804 4433 910 4516 coepit.
956 4431 1083 4495 Primus
1106 4432 1224 4498 Tamus

659 4557 710 4604 02
