3184 5114
348 378 412 439 aaa
680 375 727 437 na
741 373 832 438 aaa
845 371 1002 436 Amata
1016 348 1125 434 swa.

423 552 555 622 siorum
580 548 756 641 Rempub.
785 547 988 618 Praesbiteri
1016 544 1062 615 D.
1089 543 1241 638 Eugenii
1269 543 1315 614 de
1344 542 1450 613 Levis
1572 585 1573 590 κ

426 666 709 749 Crescentinatis,
740 673 778 734 et
806 665 902 733 inter
934 663 1166 732 Tauriuenses
1200 661 1295 730 cives
1330 657 1378 728 D.
1403 657 1450 728 D.

425 782 602 875 Adoptati
637 781 746 875 Regis
781 778 960 861 Sardiniae,
995 785 1063 848 eto.
1100 776 1145 846 ab
1179 773 1452 867 antiquitatibus

426 919 543 966 rerum
569 895 895 966 eeclesiasticam.
946 891 1124 987 Auprstae
1145 892 1379 962 Taurinorum
1404 913 1452 962 ex

425 1010 670 1106 Typographia
688 1010 859 1081 Fontaua.
912 1007 1098 1080 Facultate
1115 1008 1272 1104 obtenta.

486 1241 588 1305 Index
602 1238 833 1325 Opusoulorum
847 1239 880 1302 in
894 1238 954 1303 hoo
969 1237 1069 1302 Tamo
1083 1242 1315 1302 oontentorum

352 1388 383 1448 S.
399 1387 533 1447 Eussau
556 1388 807 1448 Vauoanasusrs
828 1385 981 1448 Antistitis
1002 1387 1039 1447 de
1060 1386 1091 1446 S.
1108 1385 1254 1446 Trinitate
1278 1406 1348 1444 oon.

392 1485 487 1544 fessio.
1348 1483 1420 1562 Peg.
1431 1499 1448 1558 5

352 1585 383 1644 S.
400 1584 524 1643 Daussr
540 1582 574 1642 P.
589 1583 632 1642 M.
647 1580 771 1642 Carmen
787 1582 812 1641 1.
827 1583 863 1642 ln
878 1563 1027 1662 Epistulas
1040 1583 1079 1640 D.
1092 1582 1178 1640 Pauli
1192 1580 1339 1661 Apostoli.
1415 1600 1448 1658 ¹7
1578 1570 1579 1582 ¹

648 1683 772 1740 Carmen
783 1681 827 1739 11.
848 1680 885 1738 ln
899 1679 1015 1740 laudem
1030 1681 1066 1738 Β.
1078 1679 1165 1738 Pauli
1178 1677 1324 1758 Apostoli.
1380 1677 1450 1738 ibid.
1579 1762 1580 1776 ἰ

648 1777 771 1836 Carmen
783 1777 842 1836 111.
864 1776 912 1836 De
926 1795 1012 1856 poena
1026 1775 1240 1856 Redemptoris.
1413 1792 1449 1832 ao

353 1873 486 1932 Ananimi
500 1873 687 1934 Lacedienaia
700 1871 862 1934 Alteroatio
877 1875 995 1943 Divitis,
1011 1883 1041 1933 et
1055 1873 1204 1954 Pauperis.
1413 1890 1447 1931 aa

352 1967 485 2026 Ananimt'
500 1969 619 2028 Monuni
634 1969 689 2030 SS.
705 1971 868 2040 Michaelis,
882 1981 913 2031 et
925 1971 1059 2030 anuarii
1072 1969 1109 2030 de
1124 1969 1256 2029 Luoedio
1276 1969 1348 2027 Car-

391 2084 458 2124 men
474 2065 497 2124 1.
513 2067 561 2126 De
576 2067 693 2126 Christo
707 2067 913 2146 Redemptore.
1410 2086 1449 2142 30

609 2166 734 2224 Carmen
748 2165 791 2224 11.
814 2165 861 2226 De
874 2164 1009 2225 laudibus
1022 2165 1052 2225 S.
1064 2165 1198 2244 Gregorii
1212 2165 1326 2243 Magni.
1410 2181 1446 2239 32

352 2257 384 2318 S.
399 2258 548 2318 Ansauur
570 2260 786 2322 cantuariensis
807 2262 942 2323 Prnsulis
964 2262 1106 2322 Salutatio
1128 2261 1166 2321 ad
1188 2261 1348 2320 Dominum

392 2355 495 2416 Jesum
510 2357 669 2417 Christum.
1409 2377 1446 2435 33

352 2452 485 2511 Ananimi
499 2453 620 2512 Aetatis
634 2455 769 2534 Epistola
782 2455 819 2515 ad
833 2457 994 2517 Monachus
1015 2456 1051 2516 de
1069 2456 1234 2516 obedientia
1250 2457 1348 2516 Patri-

391 2549 446 2608 bus
467 2550 639 2629 praestanda,
664 2562 694 2610 et
718 2551 755 2612 de
777 2553 941 2614 hnmilitate
959 2553 1098 2614 servanda
1118 2555 1155 2613 ab
1173 2555 1230 2622 his,
1244 2555 1297 2632 qui
1316 2553 1348 2612 in

391 2647 507 2708 deserto
520 2649 641 2728 degunt.
1409 2652 1447 2726 36

354 2745 474 2804 Attalis
489 2746 621 2806 Ananimi
635 2749 759 2808 Carmen
773 2749 799 2808 Ι.
812 2760 843 2809 et
857 2749 900 2808 11.
1408 2767 1446 2821 4ο

352 2840 495 2921 Epistola
508 2841 582 2912 duae,
606 2844 631 2901 1.
648 2843 763 2903 Pourn
781 2845 840 2904 Ab.
863 2847 892 2904 S.
908 2845 997 2905 Rulli.
1039 2847 1082 2905 11.
1103 2848 1277 2906 Larinatim
1292 2847 1348 2908 ab.

392 2939 421 2996 S.
436 2937 525 2998 Ruffi.
1409 2961 1447 3017 44

353 3033 383 3093 S.
393 3034 565 3094 Banasam
580 3036 638 3097 Ab.
653 3038 881 3099 Claraevallensis
892 3039 1026 3120 Epistola
1040 3061 1093 3100 suo
1106 3041 1190 3100 fratri
1203 3040 1311 3100 dilecto
1325 3041 1367 3100 N.
1408 3055 1441 3115 51

352 3163 513 3178 —-—-·
527 3133 616 3193 Liber
630 3135 666 3193 de
689 3135 826 3196 Passione
840 3137 956 3206 Christi,
974 3150 1004 3197 et
1018 3137 1166 3199 doloribus
1179 3149 1210 3198 et
1224 3139 1388 3219 planetibus

391 3230 491 3288 matris
504 3230 576 3307 ejus.
1409 3234 1445 3292 60

528 3327 682 3389 Tractatus
696 3330 732 3390 ad
746 3331 862 3392 laudem
876 3333 1006 3412 gloriosa
1021 3335 1057 3391 V.
1072 3335 1186 3393 Matris.
1409 3347 1444 3408 70

352 3423 390 3484 B.
405 3421 542 3482 Josnnrs
561 3443 601 3482 na
619 3425 717 3486 Moxo
730 3427 786 3488 Vl.
810 3431 961 3490 Generalis
983 3431 1103 3492 Ordinis
1126 3430 1187 3489 FF.
1204 3429 1346 3489 Praedioa·

392 3531 488 3578 torum
503 3520 638 3600 Epistola
653 3523 692 3582 Y.
707 3525 855 3586 Monaoho
869 3528 1033 3588 Caraevallis
1048 3527 1218 3588 Mediolani.
1411 3527 1444 3584 82

352 3615 487 3695 Epistola
500 3615 540 3675 A.
556 3618 678 3679 Attalis
694 3621 912 3683 Caraevnllensia
926 3624 962 3683 de
975 3625 1145 3684 Mediolano
1159 3623 1272 3683 dilectis
1284 3624 1364 3682 viris
1410 3641 1446 3700 90

473 3714 517 3774 11.
540 3715 586 3774 De
600 3737 658 3774 non
673 3717 832 3779 differenda
845 3717 1041 3780 conversione.
1411 3738 1444 3797 91

474 3811 533 3870 111.
555 3813 602 3871 De
613 3813 686 3892 jugo
700 3815 819 3874 Domini
833 3816 986 3896 portando.
1411 3831 1447 3890 9²

474 3908 530 3966 lv.
553 3909 635 3980 Quid
648 3922 806 3990 operentur
819 3911 940 3982 deliciae,
955 3925 985 3973 et
998 3915 1074 3974 bona
1087 3913 1265 3993 temporalia.
1412 3929 1449 3988 94

473 4005 510 4062 V.
532 4007 579 4064 De
594 4005 749 4068 dilectione
762 4010 1001 4089 propinquorum.
1383 4007 1447 4068 ibid.

474 4105 525 4163 Vi.
548 4105 593 4162 De
608 4105 788 4183 poenitentia,
803 4116 834 4165 et
847 4107 911 4184 ejus
925 4109 1053 4186 proemio.
1411 4123 1446 4184 95

352 4200 486 4282 Epistola
501 4201 537 4260 F.
550 4200 587 4259 P.
603 4199 639 4260 de
653 4201 765 4260 Ordine
779 4203 929 4262 Minorum
945 4203 1058 4264 dilectis
1073 4205 1122 4263 Pr.
1136 4206 1170 4264 P.
1182 4215 1213 4263 et
1227 4203 1266 4263 A.
1283 4204 1350 4262 No-

393 4299 470 4357 vitiis
490 4300 520 4356 in
537 4298 717 4358 Monasterio
738 4299 903 4359 Caravallis
924 4299 960 4360 do
982 4301 1149 4361 Mediolano
1169 4301 1351 4380 persuasoria
1433 4365 1436 4372 .

392 4395 428 4452 ad
443 4395 684 4474 perseverandum
698 4397 728 4453 in
744 4395 935 4474 Religionem.
1396 4418 1444 4457 101
