3192 5112
366 354 410 418 88
639 353 794 420 &Menoe
823 351 990 417 Vindomiae
1010 353 1184 418 numm

398 522 456 582 XI.
479 521 603 582 Notitie
617 523 790 583 Monasterii
805 521 1144 582 Omnium-Sanctorum.

380 618 455 678 XII.
479 619 596 678 Ruders
610 617 801 679 Abbatiorum
816 619 1107 679 Albe-Dominomm
1121 631 1152 680 et
1165 620 1247 680 Albe
1256 621 1459 681 Dominarum.

368 715 456 776 XIII.
479 716 653 797 Anonymur
673 716 710 776 de
724 717 847 796 Origine
868 728 899 776 et
913 717 1077 777 Abbatibus
1090 717 1223 778 Coenobii
1246 718 1277 778 S.
1288 718 1414 778 Jounnis
1431 719 1460 776 in

532 813 705 892 Rhingnvis.
873 809 875 813 ’

368 911 458 972 XIV.
479 911 654 972 Dotstiones
667 912 800 972 Coenobii
815 911 846 972 S.
855 911 937 972 Petri
951 912 981 971 in
996 912 1173 992 Nigrnsilre.

385 1009 457 1070 XV.
479 1010 688 1090 Necrologium
703 1009 838 1070 Abbatioe
851 1009 1093 1070 Lucidisllir.

369 1107 457 1168 XVI.
480 1107 649 1188 Diplomute
662 1119 693 1169 et
707 1107 849 1188 Epistolae
863 1108 957 1166 varie.

369 1289 523 1361 Accedit
545 1289 763 1384 Conspectus
782 1289 904 1360 Trium
922 1287 1254 1362 vetustissimorum
1275 1290 1461 1374 Codicum,

443 1430 490 1478 ex
511 1406 581 1479 illis
605 1429 693 1500 quos
717 1408 754 1478 in
779 1406 855 1500 ipso
873 1405 1037 1500 Martyrii
1054 1405 1199 1501 Campo,
1214 1407 1275 1478 ubi
1298 1407 1335 1478 S.
1350 1408 1463 1478 Boni-

443 1525 553 1596 focius
570 1522 866 1618 Archiepiscopus
891 1547 973 1593 cum
1000 1524 1102 1594 sociis
1122 1523 1273 1618 gloriose
1293 1526 1462 1609 occubiit,

442 1663 568 1712 monus
587 1640 747 1712 fidelium
771 1639 1038 1734 recollegerunt,
1056 1663 1097 1710 ao
1114 1641 1151 1710 in
1168 1643 1357 1712 sacrarium
1375 1641 1463 1712 Ful-

443 1759 551 1830 dense
581 1760 821 1852 deportarunt.
869 1757 961 1828 cum
990 1755 1066 1852 Fig.
1092 1758 1212 1829 aeneis.
1265 1757 1392 1828 Fuldae
1423 1769 1462 1830 et

445 1873 581 1968 Lipsiae,
602 1877 695 1968 epud
722 1875 933 1946 Mauritium
956 1873 1150 1968 Georgium
1167 1872 1461 1958 Weidmunnum,

443 1989 521 2062 Sec.
549 1991 638 2086 ch.
663 1990 739 2062 Pol.
764 1991 907 2083 Majest.
933 1999 971 2060 et
997 1989 1111 2061 Elect.
1130 1989 1260 2062 Soron.
1278 1989 1462 2086 Bibliopo-

442 2107 523 2178 lnm.
553 2107 659 2202 Typis
686 2108 743 2179 Jc.
767 2107 879 2178 Hem.
905 2105 1063 2192 Kiisteri‚
1089 2131 1163 2179 suae
1192 2107 1285 2180 Cels.
1306 2108 1460 2204 Typogr.

441 2244 662 2296 mnocxxm.
691 2224 783 2297 Cum
801 2223 979 2296 Permissu
997 2223 1332 2318 superiorum—In
1348 2225 1448 2297 folio.
1570 2267 1571 2272 κ

411 2421 594 2508 Insequenti
622 2443 706 2488 enno
740 2429 846 2486 tomus
873 2419 957 2484 ulter
984 2419 1085 2484 lucem
1112 2419 1270 2506 publicem
1299 2421 1460 2506 erlspexit.

366 2523 491 2592 Titulus
505 2526 552 2592 iu
566 2549 600 2591 se
615 2525 730 2590 hebet:

365 2689 512 2766 Jonnnis
540 2689 708 2762 Friderici
736 2689 917 2761 Sohnnnet
934 2686 1137 2762 Vindemiae
1165 2687 1354 2772 Litererioe,
1388 2688 1461 2761 hoc

439 2818 494 2881 est
523 2816 685 2880 vetemm
715 2806 1033 2878 Monumentomm
1062 2805 1108 2876 ed
1138 2804 1364 2878 Germaniam
1393 2806 1461 2878 Se
1569 2865 1570 2878 .

439 2949 535 2999 orem
560 2928 738 3021 praecipue
755 2925 1003 3020 Spectantium
1021 2922 1195 2994 Collectio
1212 2925 1366 2996 secunde
1387 2947 1461 3018 qua
1569 2907 1570 2920 ἶ

439 3043 668 3118 eontinentur

431 3217 457 3275 I.
480 3215 665 3275 Traditiones
677 3215 801 3275 Veteres
814 3215 946 3274 Coenobii
961 3213 994 3272 S.
1003 3213 1080 3272 Petri
1096 3211 1250 3273 Erfurdie.

413 3313 456 3371 II.
479 3311 629 3392 Excerpte
642 3332 679 3372 ex
695 3312 872 3391 Necrologio
885 3311 1015 3390 ejusdem
1030 3310 1172 3370 Ooenobii.

394 3409 455 3468 111.
478 3409 619 3490 Anonymi
633 3408 797 3467 chronicon
812 3409 1087 3486 Wirtembergenm.

397 3505 454 3566 IV.
477 3507 641 3587 Anonymns
654 3505 691 3566 de
705 3505 827 3584 Origine
843 3517 874 3565 et
888 3505 1053 3566 Abbatibus
1067 3507 1197 3568 Coenobii
1213 3509 1445 3589 Combergensis.
1568 3551 1569 3590 p

413 3605 453 3666 V.
476 3604 683 3684 Necrologium
699 3603 872 3664 Monosterii
887 3604 920 3665 S.
930 3603 1081 3664 Michaelis
1096 3605 1272 3688 Bambergoe.
1568 3613 1569 3622 ’

393 3702 450 3762 VI.
474 3703 670 3762 Buncnsnm
700 3721 742 3760 nn
771 3701 898 3761 Hnnms
927 3703 1091 3762 Chronicon
1119 3703 1258 3765 Ecclesia
1285 3705 1456 3786 Oollcginte

538 3799 571 3858 S.
582 3798 664 3858 Petri
678 3797 888 3876 Winpinensis.

379 3895 453 3956 VII.
476 3897 648 3955 Drernsnr
663 3915 705 3954 un
722 3896 928 3953 Hnuunsrsr
943 3895 1133 3956 Continuntio
1146 3895 1277 3976 ejusdem
1292 3899 1440 3960 Chronici.

361 3993 455 4056 VIII.
477 3992 684 4072 Necrclogium
699 3993 812 4052 Eccles.
828 3991 996 4071 Collegiatae
1011 3993 1221 4075 Winpinensis.

398 4091 456 4152 IX.
479 4089 619 4170 Anonymi
633 4089 701 4149 Vite
716 4089 911 4149 B.Lsmberti
933 4089 1003 4148 cm.
1027 4091 1119 4170 Regg.
1136 4091 1216 4152 Novi
1242 4095 1348 4175 Operis
1367 4095 1455 4174 juxte

523 4185 615 4246 Helas
629 4186 795 4256 Saronicus,
810 4187 894 4264 primi
909 4188 1065 4266 praepositi.

417 4288 456 4350 X,
480 4284 644 4345 'I'ranslctio
672 4282 871 4360 Reliquiarum
901 4283 931 4342 S.
950 4283 1112 4346 Alexandri
1137 4287 1287 4372 Martyris,
1309 4289 1346 4352 ud
1373 4291 1452 4352 idem

523 4381 601 4446 Novi
617 4379 721 4462 Operis
735 4380 956 4440 Monesterium.
