3164 5104
444 410 625 493 offam·
645 411 738 476 Nova
762 411 910 478 coneo.

627 697 756 770 XVII.

183 887 277 950 Novo
293 884 430 951 Oolleotio
443 907 464 950 u
473 885 597 951 (inm.
608 886 793 952 Genomnno
809 887 1012 950 Homine
1026 884 1123 964 edite,
1139 905 1242 972 panon

136 987 263 1054 inedito
276 987 416 1053 exhibet.
454 987 626 1074 Inscriptio
641 987 715 1053 telis
729 995 797 1054 eet:

138 1125 250 1197 Nove
279 1126 499 1220 Scriptorum
528 1148 571 1197 no
602 1125 922 1197 Monumentomm
951 1127 1080 1218 pnrtim
1110 1128 1242 1198 rorissi-

213 1263 354 1312 morum
374 1243 503 1334 purtim
526 1241 741 1312 ineditorum
758 1240 933 1312 Collectio
950 1240 1052 1333 Opus
1078 1240 1123 1312 nd
1143 1241 1241 1313 illue·

213 1357 381 1428 trandum
402 1355 498 1427 Hist.
517 1356 678 1440 Civilem,
698 1355 993 1440 Ecclesiastioam,
1013 1357 1239 1430 Litterariam

212 1496 280 1544 neo
313 1496 384 1544 non
413 1471 736 1566 Jurisprudentiam
767 1473 952 1546 Publioem
987 1481 1025 1545 et
1060 1473 1240 1545 Privatam

212 1613 296 1660 enm
320 1589 477 1660 maxime
504 1598 758 1682 comparatum.
797 1590 928 1661 Tomus
952 1588 982 1659 I.
1005 1588 1142 1660 Praeter
1170 1588 1240 1660 alia

213 1703 342 1776 Saeeuli
372 1703 482 1776 XVI.
509 1715 742 1778 monumento
765 1704 863 1779 Sam.
882 1703 1101 1778 Gnioltenoni
1128 1705 1240 1776 Bibli-

212 1820 378 1892 otheoum
395 1820 627 1893 Sebueienem
645 1829 683 1892 et
695 1820 844 1894 Pomdis
861 1819 903 1892 de
916 1819 1058 1896 Cressis
1076 1820 1239 1892 Dianium

213 1935 296 2008 Cur.
328 1935 432 2008 Rom.
462 1936 679 2031 complexus.
734 1937 928 2010 Recensuit
957 1937 1087 2010 Christ.
1119 1937 1239 2009 Godo·

212 2052 332 2124 fredus
362 2051 610 2138 Hoffmannus,
640 2053 723 2126 Jct.
755 2053 845 2150 Reg.
875 2053 962 2148 Bor.⁴
987 2052 1077 2146 Maj.
1106 2051 1237 2125 Consil.

211 2168 366 2241 Intimus
391 2179 430 2242 et
450 2169 575 2242 Ordin.
592 2169 742 2243 Juridioi
767 2171 805 2241 in
822 2169 936 2242 Aead.
955 2169 1116 2242 Fienoof.
1134 2169 1238 2242 Ordi-

210 2285 310 2356 nurii.
349 2283 490 2379 Lipoiae,
513 2285 724 2379 Sumptibue
745 2285 891 2358 Haered.
911 2285 1236 2358 Lanokisiunorum.

211 2421 424 2474 mocoxxxn
467 2401 511 2472 In
528 2409 665 2495 quarto.

433 2623 472 2686 ln
487 2621 588 2686 Temo
604 2621 714 2686 Primo
729 2622 941 2700 eontinentur,
1071 2615 1080 2636 ⁶

134 2779 315 2840 Bibliotheca
340 2781 510 2850 sennam,
531 2803 582 2843 neu
602 2783 757 2843 Verianum
782 2783 965 2850 Chunorum,
984 2782 1136 2862 Diplome-

176 2891 250 2946 tum,
266 2877 496 2946 thdntionum
510 2878 746 2958 Privilegiorum.
762 2879 962 2938 Donationum
978 2889 1009 2938 et
1023 2879 1134 2938 immu.

175 2975 301 3034 nitetum
323 2995 340 3034 n
361 2975 491 3036 Summis
512 2976 714 3046 Pontificibus,
737 2976 975 3056 imperatoribus,
994 2976 1134 3056 Regibus,

176 3073 231 3132 &n
255 3092 454 3132 oonoemurum
480 3073 631 3144 Eccleoiin,
655 3073 844 3134 Monesteriis
867 3084 898 3132 et
921 3074 985 3134 eliis
1009 3073 1081 3133 locis
1104 3086 1136 3134 et

175 3169 308 3249 personis
335 3169 478 3230 Miscelin
506 3172 654 3232 Centurin
682 3171 765 3230 duae:
798 3191 834 3229 ex
860 3170 998 3231 Archivis
1023 3171 1133 3250 Regiis,

175 3266 341 3327 Tabulnriit
368 3278 399 3327 et
423 3267 580 3328 codicibus
606 3268 818 3348 Mannum-iptio
845 3267 974 3327 eolleotoe
999 3267 1134 3344 notisque

174 3361 327 3423 illustrate
349 3383 367 3423 a
389 3363 526 3424 Somuele
547 3365 731 3426 Guiehenon.
753 3367 892 3445 Lugduni
913 3366 992 3446 epud
1013 3365 1135 3424 Berbier

174 3479 251 3518 enno
276 3478 396 3520 xooux.
439 3461 543 3520 Editio
570 3483 645 3522 nove
669 3483 735 3522 eum
759 3463 935 3522 Praefetione
957 3462 994 3522 de
1016 3462 1077 3520 vite
1101 3481 1134 3521 ne

173 3555 290 3634 scriptis
304 3555 381 3614 Sem.
393 3557 598 3627 Guiehenonii‚
610 3560 756 3638 hujusque
770 3558 958 3618 collectionis
970 3558 1115 3618 Utilitate.
1133 3557 1203 3638 Peg.
1220 3579 1230 3620 1

131 3653 281 3731 Exoerpte
300 3671 337 3710 ex
353 3652 487 3711 Pontum
509 3672 551 3712 nn
573 3655 718 3726 Gnneote,
734 3655 874 3736 Epinoopi
890 3655 1082 3714 Pisauriensis
1102 3666 1133 3714 et

173 3748 309 3828 Magistri
325 3750 559 3809 Ceremoninrum
581 3751 637 3810 tub
650 3751 751 3810 Leone
766 3751 805 3810 X.
822 3751 853 3810 S.
870 3751 904 3810 P.
919 3751 1022 3810 Diorio
1035 3750 1133 3810 eurio

173 3843 323 3916 Rommae,
338 3847 375 3905 eb
387 3865 465 3904 anno
478 3865 621 3906 unxvtu.
637 3867 730 3925 unque
748 3847 785 3906 ed
799 3865 931 3906 unxxu.
946 3867 1005 3926 quo
1025 3866 1057 3906 ee
1077 3846 1132 3907 hoe

172 3959 294 4000 munere
313 3941 467 4012 ubdioevit,
482 3943 567 4022 Opus
587 3943 666 4021 quod
687 3943 858 4023 plerumque
871 3943 926 4002 tub
939 3942 1029 4003 titulo
1043 3945 1132 4002 Cere.

171 4037 307 4098 monialis
327 4038 450 4098 Romani
478 4039 595 4109 uitetur,
617 4059 697 4099 nuno
722 4039 848 4119 primum
872 4057 909 4098 ex
933 4039 1132 4120 manuscripto

172 4133 296 4194 editum.
1172 4153 1230 4214 395

130 4229 303 4290 Fuoionlun
318 4231 428 4290 Rerum
443 4232 605 4292 Historiam
624 4253 657 4293 uo
672 4233 789 4292 Statum
804 4231 902 4292 Curiae
917 4231 1065 4300 Romane,
1079 4232 1130 4309 qui

195 4326 329 4407 inprimit
343 4328 450 4388 Seculo
464 4329 551 4388 xv1.
566 4330 636 4400 fuit,
650 4329 870 4400 illuutmntium,
885 4329 1048 4398 eontinem,

131 4421 157 4480 1.
172 4421 268 4480 Luoz
284 4421 459 4482 Honennnn
475 4435 559 4483 notun
572 4423 609 4483 nd
624 4423 796 4486 Pontifieole
810 4425 984 4484 Romanum.
1171 4441 1231 4502 509

784 4543 831 4597 ¹4
