3172 5108
342 384 405 450 190
505 381 648 446 Bondini
665 383 780 446 (ἕνωσιν
795 380 938 444 Eeclcsioe
960 379 1068 443 Vetera
1081 379 1293 443 Memmia.

384 555 405 588 “
422 549 562 626 Hebes,”
584 549 628 613 sio
651 549 793 634 loquitur
814 547 1016 613 duotisdmus
1037 545 1162 624 Editor,
1187 555 1207 584 “
1221 547 1256 611 in
1278 548 1341 612 hoe
1362 547 1448 612 volu-

341 652 434 730 mine,
464 651 565 716 amice
594 651 704 728 lector,
734 651 798 714 duo
828 647 964 735 insignia
994 648 1111 712 veteris
1138 649 1199 714 aevi
1228 657 1448 724 monumento,

341 755 478 820 alterum
503 752 649 817 videlicet
671 751 849 836 Justiniaui
875 751 1084 838 Imperatoris
1110 753 1308 838 Opuseulum
1337 755 1449 818 adver-

342 877 397 921 sus
422 855 625 920 Theodorum
648 855 919 940 Mopsuestenum
945 875 984 918 ae
1010 853 1216 920 defendentes
1242 855 1353 940 iniqua
1379 857 1448 940 ejus

341 959 502 1045 dogmata,
519 965 552 1022 et
569 957 747 1043 Epistulam
763 957 830 1022 Ibae
845 957 974 1036 dictam,
986 980 1045 1022 nee
1059 979 1122 1021 non
1138 958 1335 1022 Theodoreti
1350 955 1448 1020 libros

342 1068 454 1125 eontra
469 1061 666 1126 Catholioam
680 1059 795 1136 fidem;
824 1061 960 1124 alterum
984 1059 1194 1124 celeberrimae
1211 1061 1366 1124 Eudoeiae
1381 1059 1447 1122 Au-

341 1171 444 1249 gustae
468 1161 639 1242 Poematis,
655 1163 741 1248 quod
756 1164 796 1228 de
811 1163 893 1228 Divo
908 1162 1076 1248 prriuno,
1092 1169 1176 1228 teste
1199 1163 1320 1228 Photio
1344 1161 1448 1227 tribus

342 1265 431 1330 libris
444 1266 684 1351 conscripserat,
699 1267 961 1351 pretiosissimum
976 1265 1192 1347 dudonem&

545 1501 688 1566 Alterius
703 1501 868 1566 voluminis
882 1503 995 1567 titulus
1009 1501 1057 1566 ita
1071 1523 1106 1566 se
1120 1501 1239 1574 hubet;

343 1705 374 1764 S.
387 1705 523 1765 Josnrns
538 1705 766 1762 Cunusosrour
781 1706 812 1762 in
826 1705 1032 1764 Nineuitarum
1049 1703 1256 1763 Poeuitentism
1274 1703 1417 1763 Humilia.

343 1802 519 1860 Auusrssn
535 1801 677 1860 Sinnius
694 1801 796 1859 Sermo
810 1801 871 1860 111.
882 1801 920 1860 de
935 1801 1073 1858 Hominis
1083 1800 1248 1859 creatione.
1290 1800 1446 1860 Accedunt

344 1897 483 1956 Formula
497 1899 701 1976 Abjuratiouis
716 1899 954 1977 Albinganorum,
1220 1909 1224 1916 '

344 1995 374 2052 S.
386 1995 545 2055 (innocen
566 1997 771 2054 Nuzrnnunur
792 1995 1010 2074 Epigrammata
1023 1992 1156 2071 quoednm
1173 1993 1288 2052 Latinis
1303 1993 1445 2054 Versibus

383 2091 506 2160 redditu,

344 2189 497 2266 Speeimeu
516 2191 623 2270 Operis
641 2189 690 2249 Jo.
707 2190 939 2248 Csumcuuuur
959 2199 1060 2247 eontra
1080 2188 1238 2256 Palmum,
1254 2187 1401 2255 Burlssm.
1416 2199 1446 2247 et

384 2287 583 2366 Acindynum,

343 2384 484 2441 Jonnnrs
507 2383 644 2442 Drseom
669 2383 868 2442 Onnsrrsnrs
892 2381 1000 2441 Poems
1022 2381 1059 2440 de
1083 2380 1234 2440 Laudibus
1257 2381 1446 2461 Imperatoris

386 2479 552 2557 Palaeologi,

345 2575 500 2656 Specimen
515 2576 722 2635 Commentarii
737 2577 785 2634 Jo.
798 2575 1027 2635 Cunusosnour
1044 2577 1074 2634 in
1088 2576 1156 2635 Job.

345 2807 476 2878 Omnis
505 2831 599 2880 nuno
625 2811 779 2901 primum
808 2811 1017 2901 deprompta
1041 2830 1087 2878 ex
1118 2805 1286 2876 Medieea
1312 2805 1448 2878 Biblio-

419 2924 524 2994 theca
551 2947 634 2994 cura
659 2931 697 2993 et
722 2923 839 2994 studio
865 2921 961 3017 Ang.
986 2921 1078 2993 Mar.
1101 2921 1254 2992 Bondini
1283 2921 1315 2992 Ι.
1334 2923 1383 2994 U.
1402 2924 1444 2994 D.

421 3040 583 3112 Basilioae
602 3040 850 3112 Laurentianae
868 3039 1038 3110 Canonici
1055 3039 1259 3130 ibidemque
1282 3037 1321 3108 S.
1336 3039 1377 3109 O.
1393 3039 1446 3108 M.

420 3155 511 3248 Regi
554 3155 829 3226 Bibliothecarii.
912 3153 1103 3226 Florentiae
1145 3153 1251 3246 'lypis
1299 3152 1447 3224 Caesuris

419 3291 662 3342 oromccmnv.
715 3269 943 3363 Superiorem
961 3270 1142 3362 permissu.

389 3495 468 3562 Haeo
492 3497 555 3561 duo
578 3499 736 3562 volumina
759 3498 885 3582 excepit
907 3497 1069 3571 Tertium
1094 3495 1184 3579 eujus
1201 3495 1316 3560 titulus
1332 3497 1444 3562 Monu-

345 3608 454 3666 menta
468 3601 501 3664 in
515 3623 554 3666 eo
568 3607 721 3666 contentu
735 3599 884 3665 exhibet:

348 3813 548 3885 Fasciculus
583 3813 716 3884 lterum
751 3811 954 3884 Graecarum
989 3810 1316 3881 Ecclesiastioarum
1345 3811 1444 3880 exhi-

419 3931 505 4000 bens
522 3931 728 4001 Tractatum
746 3929 886 3999 anmn
905 3926 1031 4020 Magni
1054 3927 1098 3996 de
1116 3925 1319 4018 Synisactis,
1339 3925 1444 3996 NicI·

419 4065 530 4118 rnoru
548 4047 715 4117 Ommsn
733 4045 981 4114 Xnnrnornnr
1008 4041 1216 4112 Sermonem
1234 4043 1271 4110 in
1293 4039 1331 4111 S.
1351 4041 1441 4112 Mar.

420 4163 682 4258 Magdalenam,
713 4162 884 4233 Codicum
914 4159 1049 4251 aliquot
1079 4157 1310 4251 insigniorum
1338 4155 1443 4227 Noti-

353 4331 354 4336 η
418 4281 515 4350 tiam.
578 4277 709 4349 Omnia
739 4277 865 4349 Graece
894 4301 989 4347 nune
1015 4275 1170 4368 primum
1195 4273 1373 4367 prodeunt
1397 4297 1439 4344 ex

419 4395 586 4465 Mediceo
615 4394 838 4465 Bibliotheca
879 4416 963 4463 curo
996 4401 1033 4461 et
1066 4391 1185 4462 studio
1215 4389 1312 4484 Ang.
1349 4389 1438 4460 Mur.
