3164 5104
320 287 385 352 rre
499 283 673 354 runem
694 285 831 352 rem
845 287 1121 352 renem
1137 284 1302 373 epm-n.

395 459 530 532 Brixire
563 481 611 532 ex
638 457 887 555 Typogrnphie
915 459 1064 532 Jonnnie
1099 459 1229 533 Meriae
1259 457 1436 530 Rimrdi

395 595 661 647 noocxxxvm.
704 574 934 670 Superiorem
957 575 1139 647 fenrltete.
1188 575 1231 646 In
1252 573 1356 645 folio.

363 769 481 835 Editor
499 770 595 856 hujus
615 766 819 836 collectionis
833 770 986 836 Veterum
1007 769 1239 857 Episoopornm
1260 769 1434 834 Brixiam

320 871 461 938 ooolosioe
481 879 553 938 eret
568 873 689 938 Peulus
706 873 894 951 (leleerdus,
903 872 1081 939 Oenonious
1092 873 1272 938 Brixienns.
1300 872 1336 936 S.
1345 873 1434 935 Prn-

320 995 438 1037 nssrnn
454 973 552 1039 Liber
565 975 606 1039 de
621 973 818 1054 Haeresibns,
831 975 1049 1041 semema
1064 975 1241 1052 Sermones,
1253 973 1433 1038 Rmnrr

321 1073 433 1140 Sermo
465 1076 506 1141 de
532 1075 754 1143 'l'rensletione
782 1077 870 1143 besti
900 1077 1075 1156 philastrii,
1101 1083 1199 1162 etque
1223 1075 1432 1140 hemum

321 1175 469 1263 Epistola
494 1177 537 1242 ed
562 1176 791 1266 Berengerinm
815 1187 849 1244 et
871 1177 1027 1265 Rhythmi
1049 1177 1254 1264 Alphebetioi
1277 1179 1322 1242 de
1337 1177 1433 1241 Viris

321 1279 496 1344 illustribus
514 1279 563 1345 sni
581 1281 745 1366 temporis,
761 1280 999 1368 speciosissimis
1015 1279 1102 1366 typis
1119 1279 1271 1368 impressi,
1287 1279 1434 1346 editoris

320 1387 355 1446 et
369 1381 528 1448 veriorum
542 1381 628 1448 notis
642 1382 935 1470 prolegomenisque
948 1382 1159 1448 illustrentur.

804 1649 936 1724 XXII.
1067 1729 1071 1736 ,

363 1822 445 1888 Dnae
464 1821 687 1901 Ooheetiones,
702 1844 774 1908 qne
793 1824 955 1909 Opusoule
973 1823 1173 1910 quorundum
1187 1823 1342 1888 Veterum
1359 1825 1430 1888 Per

319 1932 407 1992 mum
419 1925 608 1992 Ietinomm
622 1925 784 2005 exhibent,
796 1947 817 1992 e
827 1925 995 1992 Omonioie
1010 1925 1200 2012 quibusdem
1208 1924 1431 2011 Beguleribne

320 2031 465 2115 (Joenne
487 2028 715 2114 Ohrysostomo
736 2027 909 2094 Trombelli
931 2027 1061 2107 soilioet,
1082 2035 1118 2092 et
1136 2026 1266 2092 Joenne
1286 2027 1430 2112 Aloysio

321 2131 529 2219 Mingerelli,)
546 2133 579 2196 in
598 2132 701 2197 luoem
717 2131 823 2210 editoe,
838 2131 890 2196 hio
911 2131 1016 2197 loenm
1035 2131 1095 2196 sibi
1109 2131 1280 2196 vindinent
1327 2129 1430 2195 Prior

320 2234 381 2300 hoe
397 2233 492 2300 titulo
506 2233 707 2300 inseribitnr:

320 2409 497 2504 Cypriani,
515 2411 654 2495 Hilarii,
672 2411 892 2505 alienumque
910 2411 1086 2484 Veterum
1108 2410 1256 2482 Petrum
1274 2411 1429 2482 [setino-
1497 2476 1500 2480 .

394 2549 474 2596 rum
500 2525 681 2620 Opusoule
710 2550 732 2598 e
756 2527 943 2599 Cenonieis
969 2527 1205 2622 Regnlmibus
1234 2525 1272 2598 S.
1298 2525 1429 2597 Salve·

394 2641 481 2712 toris
498 2665 593 2712 nuno
609 2643 762 2736 primum
782 2641 899 2714 Edite.
930 2643 1109 2724 Bononiae,
1126 2661 1275 2714 unocu-
1307 2639 1428 2734 Apud

396 2754 657 2850 Hieronymum
682 2757 890 2842 Goroioleni,
916 2767 955 2830 et
980 2757 1029 2828 H.
1048 2757 1098 2828 H.
1116 2757 1209 2829 Colli
1236 2779 1284 2828 ex
1305 2756 1430 2849 Typo-

395 2873 541 2968 gmphie
579 2873 616 2945 S.
641 2873 787 2946 'l'homoe
821 2873 1022 2966 Aquinatie.
1078 2872 1308 2966 Superiorem
1342 2895 1429 2965 per-

394 2989 515 3059 missu.
566 2989 612 3060 In
635 2993 708 3061 lto.

386 3225 490 3289 Index
504 3225 756 3311 Opusenlorumt
774 3245 846 3312 ques
860 3225 894 3290 in
907 3225 969 3290 hoo
984 3223 1140 3290 volumine
1155 3225 1356 3312 evulgentnr.

319 3359 359 3418 D.
373 3363 524 3420 Crrnresr
540 3361 705 3421 exhortatio
719 3363 756 3422 ed
770 3362 980 3442 poenitentiem.
1316 3363 1388 3442 Peg.
1400 3383 1421 3438 3
1558 3359 1559 3362 '

319 3457 360 3517 D.
378 3459 505 3518 Hrueeu
522 3460 713 3520 Picteviensis
726 3459 860 3540 epistole,
875 3481 926 3519 seu
940 3457 1067 3519 libellus.
1380 3461 1424 3535 38

319 3557 367 3615 De
380 3555 574 3616 Dediortione
588 3555 731 3616 Eceleeiee
745 3557 848 3616 Serme
862 3556 950 3616 dden
966 3555 1102 3614 Hruerro
1114 3555 1254 3615 tributus.
1364 3573 1421 3634 175

319 3651 504 3724 Quaeetiones
517 3653 549 3711 in
564 3653 706 3712 Hebeoue
719 3653 891 3732 prophetem
905 3654 945 3712 D.
956 3654 1149 3712 llrreortruo
1164 3652 1292 3713 tribute.
1364 3655 1424 3731 189

320 3747 367 3806 De
381 3748 401 3806 J
403 3748 509 3825 ejuniis
522 3749 691 3829 disputetio.
1364 3769 1421 3826 ¹92

319 3843 464 3904 Chronica
477 3846 627 3904 succincte
641 3846 787 3926 descripte
801 3845 837 3905 de
851 3865 941 3924 regno
956 3845 1159 3905 Hebraeorum.
1364 3867 1420 3925 193

319 3941 420 4000 Sermo
434 3941 466 4000 in
479 3941 528 4000 die
543 3941 700 4002 Dominice
714 3941 834 4002 Peschee
847 3944 887 4002 D.
899 3943 1092 4001 Hrreourrro
1106 3943 1245 4003 tributus.
1365 3963 1419 4022 195

344 4195 366 4235 'e
378 4185 475 4236 l’enlini
492 4185 587 4236 libellus
602 4189 632 4236 de
646 4187 851 4237 benedictionibus
883 4185 999 4252 epuseme
1011 4201 1026 4235 e
1036 4185 1078 4235 Jo.
1087 4187 1259 4253 chryrottoroo
1270 4188 1421 4238 Trombellie

318 4251 515 4302 Petrierchsnrm
532 4249 574 4314 (ut
587 4251 699 4302 Editeter
715 4253 820 4316 dieunt)
836 4267 852 4301 e
883 4253 1005 4303 inuenere
1015 4259 1081 4303 runt.

316 4315 357 4365 do.
377 4315 478 4380 Aloyrio
501 4315 663 4381 Mingerellio,
688 4328 768 4368 estere
794 4331 852 4366 vero
