3172 5108
405 373 699 440 sannionum·
712 372 918 440 Mincium.
1151 376 1215 444 175

112 625 338 685 Testamentum
352 622 519 684 Ansrorm
534 623 625 703 Regis
640 623 850 704 Hispaniarum
865 625 901 684 ad
916 623 1097 684 Cluuianum.
1155 542 1219 699 pigi

112 723 235 780 Donum
249 721 371 780 Aturus
386 721 559 781 Cancellarii
573 721 664 800 Regis
677 720 806 781 Alionsi.
1177 737 1216 797 45

113 819 233 877 Notitia
247 818 284 878 de
297 817 442 878 calumnia
459 819 694 878 Rotbonensium
715 820 927 880 Monacborum
949 839 1037 899 super
1058 819 1117 878 Ec-

155 915 245 975 clesia
258 915 289 975 S.
300 915 458 975 Salvatoris
472 917 509 975 de
523 915 665 976 Bairiaco.
1147 913 1217 973 ibid.

114 1012 147 1070 N
149 1012 236 1070 otitia
249 1011 285 1072 de
299 1012 416 1091 Lingua
429 1011 557 1072 Balenae.
1146 1011 1217 1071 ibid.

115 1109 164 1168 De
174 1109 288 1186 jndicio
301 1129 354 1186 pro
367 1109 522 1168 Monacbis
535 1109 658 1186 Majoris
672 1111 847 1170 Monasterii
862 1111 999 1170 adversus
1013 1111 1116 1169 Mona-

157 1205 229 1264 ohos
243 1203 275 1264 S.
288 1205 442 1264 Trinitatis
457 1205 493 1264 de
507 1216 606 1265 monte
620 1207 699 1285 apud
714 1207 943 1286 Rothomagum.

118 1303 211 1362 Gesta
224 1301 261 1360 de
276 1301 409 1361 Bairiaco
423 1304 478 1362 sub
492 1303 610 1363 Domno
625 1304 741 1364 Abbote
756 1305 982 1364 Bartholomno.

118 1401 383 1458 Auctoramentnm
400 1398 523 1458 Comitis
538 1400 663 1459 Cosam
678 1398 714 1460 de
727 1402 814 1460 rebus
829 1401 998 1460 Britanniae.

119 1495 287 1554 Humum
308 1493 449 1574 Episcopi
472 1494 905 1574 Bigorrensis,etBnasnnn1
925 1496 1049 1555 Comitis
1070 1495 1120 1554 lit-

159 1603 232 1652 terae
253 1591 290 1650 de
312 1591 497 1652 concessione
519 1593 687 1652 monasterii
704 1593 737 1653 S.
753 1593 859 1654 Felicis
873 1605 903 1653 et
918 1594 950 1652 S.
963 1593 1069 1652 Licerii
1084 1591 1121 1650 ad

159 1688 258 1747 locum
272 1687 456 1746 Cluuianum.
1181 1687 1219 1760 48

120 1785 273 1845 Annonrs
303 1785 465 1844 Comitissae
499 1784 652 1845 Tolosanoe
687 1788 834 1847 concessio
868 1787 904 1848 de
931 1786 1060 1846 Abbatia
1088 1785 1120 1844 S.

162 1881 282 1960 AEgidii.
1152 1882 1222 1941 ibid.

122 1981 308 2056 Praeceptum
322 1979 374 2036 Du
390 1979 552 2038 Sannonro
565 1978 602 2038 de
615 1979 748 2039 Ecclesia
761 1979 792 2039 S.
805 1981 930 2040 Macuti.
1184 1998 1224 2056 49

122 2077 309 2155 Praeceptum
328 2074 364 2134 dc
384 2075 431 2135 his
450 2095 516 2154 qua
537 2075 631 2154 Hugo
649 2075 686 2136 de
709 2075 821 2138 Rooeto
840 2077 921 2136 dedit
942 2077 1024 2138 nobis
1044 2076 1123 2156 apud

164 2171 379 2231 Bellessimum.
1151 2174 1223 2234 ibid.

123 2270 389 2329 Auctoramcntnm
404 2269 559 2329 Basanon
575 2269 715 2350 Episcopi
727 2271 973 2331 cenomannensis
987 2270 1023 2330 de
1037 2271 1124 2330 rebus

165 2386 239 2444 quas
250 2365 390 2426 babemus
403 2366 433 2425 in
449 2367 513 2444 ejus
527 2367 717 2446 Episcopatu.
1186 2384 1225 2442 50

125 2463 174 2520 De
189 2462 322 2521 Ecclesia
336 2462 373 2522 de
387 2462 493 2522 Vilerx
508 2463 611 2522 Karoli
627 2463 741 2542 Magni.
1155 2464 1225 2523 ibid.

126 2559 291 2617 Conwrdia
313 2559 350 2618 de
374 2559 506 2619 Ecclesia
528 2559 629 2619 Sancti
651 2559 811 2620 Clementis
833 2561 1026 2622 credonensis
1046 2563 1123 2622 inter

167 2655 331 2715 Monachus
351 2656 451 2716 Sancti
471 2655 576 2716 Albini
596 2654 817 2735 Andagavenais
836 2669 867 2717 ct
886 2659 1126 2728 vindocinenses,

168 2754 247 2813 facta
260 2752 339 2833 apud
353 2753 513 2812 Camotum
527 2773 604 2811 anno
618 2752 726 2812 Christi
741 2772 874 2813 unxxrr.
1157 2753 1227 2814 ibid.

127 2850 269 2908 Narratio
283 2849 429 2928 quomodo
443 2869 509 2908 cum
525 2849 625 2908 eadem
640 2850 835 2909 controversia
852 2860 953 2928 postea
964 2851 1126 2912 recruduis-

170 2957 216 3006 set
232 2946 310 3005 inter
330 2945 445 3005 eosdem
461 2945 632 3012 Monacbos.
645 2946 782 3006 Urbanus
793 2948 836 3006 11.
853 2947 934 3028 Papa
952 2969 1034 3008 nove
1051 2949 1128 3008 inter

171 3063 221 3102 eoa
234 3043 394 3102 concordia
408 3053 509 3102 auctor
523 3044 591 3102 fuit.
1190 3061 1225 3122 51

129 3140 202 3200 Alia
218 3139 357 3200 Narratio
380 3139 416 3200 de
438 3141 538 3200 eadem
559 3141 764 3209 controversia,
786 3153 817 3202 et
838 3142 875 3202 de
893 3142 1005 3221 judicio
1019 3142 1130 3202 Arnuti

171 3237 394 3318 Arcbieiiscopi
408 3237 633 3317 Burdogalensis
646 3238 824 3318 Apostolicoe
839 3240 924 3300 Sedis
937 3240 1051 3319 Legati.

131 3335 315 3394 Pascunnrs
329 3334 372 3392 11.
388 3336 481 3394 Pm
502 3335 637 3416 Epistola
657 3336 694 3394 ad
716 3333 962 3396 Archembaldum
984 3335 1130 3396 Abbatem

173 3431 275 3491 Sancti
297 3430 399 3490 Albini
415 3431 644 3511 Andegavensis,
659 3452 717 3510 qua
738 3433 888 3493 confirmat
905 3434 1049 3512 judicium
1072 3434 1131 3494 Ur-

172 3529 241 3588 bani
254 3528 298 3587 11.
311 3527 347 3586 de
361 3528 514 3588 concordia
527 3529 601 3588 inita
614 3530 691 3588 inter
701 3529 862 3590 Monacbos
873 3531 973 3590 Sancti
984 3531 1087 3591 Albini
1102 3543 1132 3592 et

174 3624 417 3685 vindocinenses.
1193 3646 1230 3706 53

178 3829 278 3895 Varia
292 3828 343 3894 Dc
359 3829 498 3916 Hugonc
520 3829 679 3915 Episcopo
701 3829 822 3910 Dianai,
838 3837 872 3896 ct
886 3830 1135 3918 Archiepiacopo
1151 3832 1234 3919 Lug·

133 3931 280 4010 dunensi,
297 3929 388 3996 Sedis
403 3931 598 4018 Apostolicae
615 3931 747 4019 Legata.

134 4117 274 4199 Epistola
288 4117 437 4177 Hunonrs
457 4117 597 4197 Episcopi
612 4117 730 4178 Diensis
744 4117 781 4177 ad
802 4118 964 4178 Rodulium
979 4118 1135 4200 Arcbiepi.

175 4234 297 4291 scopum
312 4214 523 4273 Turoneosem.
1198 4232 1235 4294 53

135 4311 209 4370 Alia
229 4312 355 4391 q'nsdem
377 4311 527 4370 Huuours
547 4311 682 4390 Epistola
706 4311 743 4370 ad
770 4311 904 4371 eumdem
932 4311 1135 4392 Arcbiepisco-

178 4427 260 4486 pum,
275 4407 326 4484 qui
341 4427 407 4466 aum
422 4407 528 4465 invitat
541 4406 577 4465 ad
593 4406 756 4465 Concilium
772 4407 960 4467 Divionense.
1167 4408 1237 4468 ibid.
