3172 5108
350 367 414 439 176
642 369 937 436 Bnluuiieldinusi
951 370 1159 437 Miscellnsen.

351 629 420 690 Alis
443 629 569 710 qudem
594 627 745 689 Huncrrrs
772 627 907 708 Epistola
930 629 967 688 ad
989 629 1123 691 eumdem
1145 629 1350 708 Arabiepisco-

389 746 472 806 pum,
486 746 545 804 qus
557 745 625 786 enm
639 726 745 786 invitet
758 725 795 786 sd
810 726 975 786 Consilium
989 725 1184 788 Arses-nense.
1414 745 1459 802 54

349 821 419 882 Alis
432 823 557 902 ejusdem
572 822 609 882 sd
622 822 758 893 eundem,
773 842 831 901 qus
849 842 916 882 eum
935 823 1041 883 invitat
1054 823 1092 882 ed
1105 823 1270 884 Concilium
1285 823 1351 882 Au-

388 919 615 998 gustodunense.
1377 919 1456 978 ibid.

348 1015 426 1076 Acts
436 1015 604 1074 Concordiae
618 1015 694 1075 inter
704 1015 835 1076 Abbutes
846 1015 1086 1094 Angeliscensem
1100 1027 1132 1076 et
1143 1017 1346 1078 Csrrosensem

389 1111 426 1172 de
441 1111 573 1172 Ecclesia
587 1111 623 1171 de
637 1111 771 1181 Varenia.
787 1113 818 1170 in
833 1111 966 1172 Concilio
980 1113 1200 1192 Burdegalensi.
1378 1112 1455 1171 ibid.

350 1209 471 1269 Litteras
500 1208 650 1268 Huncrrrs
679 1209 900 1290 Archiepiscopi
925 1209 1131 1288 Lugdunensis
1152 1209 1189 1270 de
1216 1209 1349 1270 Ecclesia

391 1305 506 1366 Sancte
521 1305 603 1366 Fidis
617 1305 654 1366 de
664 1305 824 1366 castelleto
837 1305 905 1364 data
919 1305 1101 1366 Monssterio
1116 1307 1288 1366 Concheusi.
1378 1305 1456 1367 ibid.

349 1404 471 1463 Litterae
492 1403 656 1464 Gnurnrnr
679 1402 802 1462 Comitis
824 1403 1011 1462 Mauritanire
1034 1402 1071 1462 de
1093 1402 1226 1462 Ecclesia
1247 1403 1279 1462 S.
1292 1403 1346 1461 Di.

389 1499 484 1580 onysii
498 1499 696 1578 Nogentensis
710 1499 741 1557 in
755 1499 881 1558 Pertico.
1376 1499 1455 1559 ibid.
1583 1499 1584 1554 ζ

349 1597 471 1656 Litterae
492 1599 638 1654 Guarsrur
660 1595 784 1654 Comitis
808 1595 1000 1656 Romncensis
1022 1595 1058 1656 de
1079 1595 1212 1657 Ecclesia
1233 1597 1347 1657 &netur

389 1693 564 1772 Margaretae
579 1691 647 1751 dats
660 1691 835 1750 monasterio
849 1691 1044 1752 Cluniecensi.
1411 1713 1430 1771 5
1436 1715 1454 1772 5

348 1789 470 1850 Litteras
486 1789 742 1870 Suffraganeorum
757 1787 897 1848 Ecclesiae
911 1787 1118 1868 Lugdunensis
1131 1789 1168 1849 ad
1185 1789 1346 1870 Episcopus

388 1897 419 1945 et
433 1885 564 1945 Abbates
586 1886 772 1946 Turonenses
791 1905 846 1964 pro
866 1886 1014 1946 monachis
1034 1886 1156 1964 Majoris
1179 1888 1345 1947 monasterii

388 1983 576 2042 Turonensis.
1408 1986 1454 2060 56

348 2080 470 2140 Litteras
489 2079 640 2138 Hunonrs
660 2078 879 2159 Arcbiepiscopi
900 2078 1106 2157 Lugdunensis
1126 2078 1163 2138 sd
1188 2079 1343 2158 Hugonem

388 2176 648 2257 Archiepiscopum
676 2177 866 2236 Bisuntinum
894 2196 948 2256 pro
975 2176 1129 2236 Monsohis
1162 2175 1195 2236 S.
1219 2175 1344 2255 Benigni

388 2273 583 2333 Divionensis.
1376 2275 1451 2334 ibid.

348 2369 469 2429 Litterte
496 2370 622 2450 ejusdem
651 2369 799 2430 Huucurs
826 2358 1049 2448 Arcbiepisccpi
1075 2367 1282 2447 Lugdunensis
1309 2368 1344 2428 ad

387 2465 576 2526 anbertum
597 2465 775 2546 Episcopum
790 2465 1040 2532 Attrebatenssu‚
1054 2465 1161 2543 quibus
1179 2483 1247 2524 eum
1268 2467 1343 2524 invi·

387 2573 432 2622 tat
445 2563 482 2622 ad
496 2562 658 2622 Concilium
673 2563 951 2642 Augustoduuense.
1375 2563 1449 2622 ibid.

346 2656 424 2716 Acta
435 2656 604 2717 Concordiae
618 2657 698 2716 inite
715 2657 746 2716 iu
761 2657 894 2718 Concilio
908 2657 1133 2716 Clsrcmontano
1146 2657 1224 2716 inter
1238 2657 1345 2735 Hngc·

386 2773 454 2813 nem
478 2753 623 2814 Abbstem
644 2754 865 2815 Cluniucensem
887 2765 918 2814 et
940 2753 1080 2813 Pontium
1102 2755 1249 2814 Abbntem
1264 2757 1345 2813 Casae

387 2849 455 2909 Dei.
1378 2849 1448 2908 ibid.

347 2949 482 3029 Epistols
509 2948 658 3008 Huucrrrs
683 2947 903 3028 Archiepisccpi
928 2945 1135 3026 Lugdunensis
1158 2947 1195 3007 sd
1222 2948 1345 3007 Ivonem

387 3046 566 3126 Episcopum
580 3044 797 3104 carnotensem.
1406 3061 1445 3120 57

345 3143 486 3224 Ejusdem
500 3141 635 3221 Epistola
648 3140 684 3200 sd
698 3141 959 3221 Arcbiepiscopum
980 3141 1178 3202 senonensem
1196 3163 1249 3222 pro
1272 3142 1342 3200 Μο-

386 3239 512 3299 austerio
525 3239 557 3297 S.
570 3239 650 3298 Petri
665 3237 733 3296 vivi.
1407 3239 1445 3315 58

345 3335 480 3416 Epistola
494 3333 646 3394 Ennium
661 3335 785 3395 Abbatis
800 3335 831 3395 S.
844 3335 926 3395 Petri
945 3337 1004 3394 vivi
1025 3337 1062 3396 sd
1081 3335 1344 3416 Archiepiscopum

386 3432 593 3491 senonensem.
1375 3431 1445 3490 ibid.

343 3529 465 3590 Litteroe
480 3527 616 3585 Pracrus
631 3525 770 3607 Episcopi
785 3527 934 3588 Tullensis
947 3525 985 3587 de
998 3527 1071 3587 cella
1084 3526 1255 3587 Asmantire.
1373 3528 1443 3586 ibid.

345 3625 467 3686 Sorrrrs
481 3624 637 3683 Comitisss
650 3623 686 3682 de
700 3623 799 3683 eodem
814 3623 895 3683 cells.
1404 3639 1444 3700 59

344 3722 465 3780 Litterse
493 3720 643 3780 Huncttrs
669 3719 889 3800 Arcbiepiscopi
912 3721 1117 3800 Lugdunensis
1144 3721 1181 3782 de
1209 3721 1344 3782 Ecclesia

384 3816 485 3876 Sancti
500 3815 647 3876 Desiderii
660 3817 691 3874 in
706 3815 813 3874 Brisis.
1374 3817 1443 3876 ibid.

344 3913 453 3972 Charta
466 3912 503 3972 de
517 3913 722 3972 Controversia
735 3923 765 3971 et
786 3911 822 3971 de
836 3912 932 3984 Bello,
947 3913 1026 3990 quod
1040 3913 1098 3973 fuit
1114 3915 1191 3972 iuter
1210 3915 1364 3974 Monastc·

383 4009 459 4066 rium
477 4007 577 4067 Sancti
591 4006 694 4068 Albini
707 4007 927 4086 Andegavensis
940 4021 971 4068 et
985 4011 1147 4068 Giraudum
1163 4011 1200 4070 de
1216 4010 1343 4070 Blnnco-

382 4103 470 4162 furno
484 4123 537 4182 pro
550 4113 628 4161 terre
642 4105 753 4163 Croiaci
767 4123 858 4183 prope
873 4103 1069 4183 Peregrinam.
1372 4105 1441 4166 ibid.

342 4199 477 4281 Epistcls
491 4199 665 4257 Bosnusm
688 4201 833 4279 Principis
847 4200 1023 4271 Antiochiae,
1039 4203 1219 4261 Raruursnr
1241 4203 1342 4262 Comi-

382 4299 421 4356 tis
434 4296 534 4355 Sancti
549 4295 667 4372 AEgidii,
684 4297 868 4356 Gonnrnrm
889 4298 982 4357 Ducis
1002 4299 1208 4379 Lotharingie,
1224 4300 1262 4360 nd
1282 4300 1342 4358 Ur.
1433 4379 1436 4382 ·

381 4395 488 4451 bonum
503 4391 546 4450 11.
562 4389 679 4464 Papam.
1402 4399 1443 4455 60
