3164 5104
333 411 376 477 ιο
689 407 1070 494 Docleatem-‘apim

335 662 519 720 Luaovrous
534 660 593 721 lx.
606 660 785 720 Francorum
798 659 863 720 Rex
877 661 1085 720 cenomaniam
1100 673 1131 720 et
1142 661 1339 740 Andagaviam
1377 579 1437 642 P*

378 757 484 816 Carolo
497 757 580 816 fratri
597 756 706 816 comiti
722 756 883 837 Provincia
896 757 957 817 dat.
1370 757 1440 818 ibid.

338 853 461 913 Pactum
481 852 588 912 initum
610 853 688 912 inter
708 854 822 923 fratres.
838 854 998 932 Hugoncm
1017 853 1198 935 Episcopum
1213 855 1340 914 Claram.

379 951 578 1010 Humbertum
600 949 747 1028 Bellijoci,
767 950 927 1009 Arbertum
951 950 988 1009 de
1007 951 1113 1020 Turre,
1128 963 1159 1012 et
1180 951 1340 1031 Hugonem

379 1047 580 1108 Senesoalcum
595 1047 833 1126 Lugdunensem,
849 1049 902 1106 &a
1379 1048 1437 1123 ⁶23

338 1144 521 1204 Humbertua
536 1143 669 1222 Bellijoci
686 1143 887 1203 Elisabetbam
909 1141 1008 1210 filiam,
1023 1144 1140 1204 viduam
1156 1145 1284 1206 Simonis
1301 1146 1340 1206 de

379 1243 467 1310 Luni,
483 1240 638 1300 Rainwda
652 1239 690 1299 de
704 1240 824 1299 Foresio
837 1251 963 1320 nuptum
978 1239 1037 1299 dat.
1368 1241 1439 1301 ibid.

339 1339 462 1398 Ouarna
485 1337 625 1417 Episcopi
651 1336 811 1396 Tusculani
836 1335 972 1415 Epistola
995 1336 1031 1395 ad
1055 1337 1260 1397 innocentium
1281 1339 1338 1399 Pa-

380 1455 446 1514 pam
461 1433 519 1493 1v.
1379 1439 1440 1510 624

339 1531 382 1590 H.
399 1531 538 1611 Episcopi
553 1529 747 1590 Massiliensis
761 1529 897 1610 Epistola
910 1528 948 1588 ad
960 1530 1105 1589 eumdem.
1377 1534 1439 1591 628

338 1627 474 1686 Tuomas
496 1628 661 1708 Episcopus
681 1627 930 1686 wratislaviensis
949 1627 1111 1686 Monachus
1132 1627 1340 1689 Gistsreieusea

378 1725 577 1784 constituitis
592 1725 775 1784 Monasterio
790 1723 826 1783 de
840 1723 988 1783 Camenis.
1369 1725 1438 1786 ibid.
1567 1785 1568 1792 ,

337 1821 526 1881 Innocua-ru
543 1821 635 1880 Para
658 1821 714 1880 IV.
735 1821 869 1901 Epistola
893 1820 930 1880 ad
956 1821 1145 1901 Episcopum,
1167 1821 1286 1882 clerum
1307 1835 1339 1883 et

379 1917 527 1998 Populum
542 1917 650 1976 Insulae
665 1918 883 1995 Majoricarum.
1380 1921 1439 1998 629

338 2015 478 2096 Ejusdem
494 2015 629 2094 Epistola
642 2017 678 2076 ab
692 2015 838 2076 Abbatem
853 2015 1027 2075 Mouasterii
1044 2015 1171 2095 Regalis.
1367 2019 1436 2078 ibid.

338 2113 359 2171 J
362 2123 545 2172 aramentum
560 2112 668 2171 civium
686 2111 895 2170 Parisieusium
910 2123 941 2172 et
954 2111 1121 2172 Academia
1136 2113 1316 2173 Parisieusis.
1381 2117 1439 2190 630

336 2209 357 2268 J
360 2229 411 2268 ura
425 2221 455 2268 et
469 2209 619 2269 libertates
632 2209 825 2268 habitantium
841 2209 871 2266 in
886 2209 956 2268 villa
970 2209 1007 2269 de
1020 2210 1177 2292 Villereys.
1368 2213 1438 2273 ibid.

338 2307 457 2366 Statuta
479 2305 516 2365 ad
537 2305 754 2366 instaurandam
769 2306 963 2365 Monasticam
983 2307 1164 2388 disciplinam
1185 2309 1216 2367 in
1231 2309 1337 2369 Mona-

377 2403 466 2462 sterio
481 2403 513 2462 S.
525 2403 652 2462 Androm
665 2401 889 2462 Avenionensis.
1377 2409 1433 2484 631

336 2500 469 2561 Eduardi
496 2501 688 2580 Primogeuiti
710 2501 801 2580 Regia
822 2501 983 2580 anglorum
1003 2503 1112 2563 Literas
1132 2507 1338 2585 procuratorio

376 2598 413 2658 ad
439 2598 668 2659 contrahendum
692 2599 910 2658 matrimonium
933 2619 999 2659 oum
1020 2600 1161 2661 Alienora
1181 2623 1280 2662 sorore
1297 2603 1359 2664 Re-

375 2697 420 2777 gis
435 2697 578 2756 Castelloe.
1378 2703 1414 2778 63
1418 2722 1435 2779 3

337 2795 535 2853 Anaxannar
552 2795 645 2854 Para
666 2795 723 2854 IV.
739 2793 881 2874 Epistola
896 2795 953 2854 1v.
981 2795 1017 2854 ad
1038 2797 1222 2858 Ludovicum
1244 2798 1337 2858 Fran.

376 2911 476 2950 corum
492 2892 613 2972 Regem.
1364 2899 1436 2958 ibid.

335 2989 472 3066 &casdem
487 2989 629 3069 Epistola
643 2989 708 3048 dua
723 2989 759 3048 ad
774 2989 914 3049 Prolatos
929 2988 1069 3050 Francia.
1375 2996 1436 3071 634

336 3084 444 3144 Literoe
465 3085 501 3145 da
521 3087 706 3146 matrimonio
722 3086 852 3166 Philippi
874 3087 926 3145 lilii
949 3087 979 3146 S.
994 3087 1138 3149 Ludovici
1159 3101 1190 3150 et
1204 3091 1337 3152 isabellis

376 3179 443 3240 filio
457 3182 560 3240 Jacobi
576 3181 666 3261 Regis
680 3183 861 3262 Aragonum.
1366 3188 1435 3248 ibid.

335 3276 519 3336 Lonovrcus
534 3277 592 3334 IX.
608 3277 759 3336 confirmat
775 3279 918 3356 judicium
934 3279 1079 3360 prolatum
1093 3281 1130 3341 ad
1145 3283 1336 3344 dirimendam

376 3371 458 3430 litem
480 3373 556 3431 inter
572 3373 730 3452 Hugonem
746 3375 885 3435 Marcbiae
900 3378 1057 3446 Comitem,
1072 3389 1102 3438 et
1118 3378 1240 3438 Petrum
1255 3381 1335 3440 Bau-

376 3469 491 3528 drandi.
1376 3483 1413 3558 63
1418 3497 1434 3557 5

336 3564 417 3623 ldem
431 3566 582 3628 confirmat
603 3566 814 3648 eleemosynam
834 3589 899 3648 quae
920 3571 1055 3630 distribui
1075 3573 1186 3633 solebat
1205 3585 1337 3654 tempore

376 3661 621 3743 Quadrageaimae‚
637 3685 670 3723 ao
684 3665 824 3724 nonnulla
838 3666 926 3725 donat
941 3668 1050 3726 Domui
1065 3669 1122 3728 Dei
1135 3668 1302 3730 Patisiensi.
1365 3673 1436 3733 ibid.

335 3757 416 3816 Idem
429 3759 600 3820 mulieribus
614 3761 752 3840 Leprosis
766 3761 803 3821 de
818 3761 930 3822 Soloeis
944 3764 1104 3833 confirmat,
1119 3787 1183 3845 quas
1197 3787 1213 3825 a
1228 3787 1336 3847 proavo

375 3875 428 3914 suo
442 3855 548 3915 donata
562 3858 688 3916 fuerant.
1376 3867 1437 3942 636

334 3951 510 4010 Asnaunus
534 3953 570 4011 de
597 3953 762 4014 Rossilionc
785 3956 976 4016 Guillelmum
1006 3957 1098 4018 filium
1127 3981 1211 4020 suum
1237 3982 1336 4020 emau-

374 4050 462 4129 cipat‚
478 4069 511 4107 ao
525 4050 619 4108 eidem
633 4053 877 4113 Castrumnovum
892 4055 991 4115 donat.
1364 4060 1433 4119 ibid.

334 4147 439 4206 Eidem
455 4145 510 4204 alia
524 4145 622 4204 donat.
1376 4159 1434 4232 637

333 4245 554 4303 Testamentum
570 4241 787 4305 Romamne
803 4247 896 4306 Podio
910 4247 980 4307 alto.
1365 4254 1435 4313 ibid.

332 4340 352 4396 J
354 4359 445 4400 soom
461 4339 630 4418 Arsgonum
643 4340 733 4419 Regis
746 4352 964 4405 testamentum.
1373 4351 1433 4427 638

331 4435 409 4497 Aeta
422 4437 618 4496 translationis
635 4437 750 4497 Bracbii
765 4440 796 4499 S.
808 4441 1090 4524 loannis-Baptista
1105 4446 1289 4507 Cisterciam.
1373 4451 1430 4524 641
