3164 5104
470 333 715 398 sausoure
729 332 925 418 aymare
1188 332 1250 397 147

221 497 343 568 anensi
366 497 532 569 Abbate:
571 497 609 568 N
611 521 680 570 uno
708 507 829 568 autem
857 506 991 580 auctus,
1015 497 1249 590 amplificatus

222 615 320 684 etin
346 637 409 684 sex
427 613 556 684 Tomos
581 615 722 685 divisus.
774 613 936 698 Quorum
954 611 984 682 I.
1009 615 1126 706 ipsum
1143 613 1250 684 Codi-

222 751 302 800 oem
324 731 510 822 antiquum
532 727 817 801 Holstenianum.
870 727 920 798 ΙΙ.
948 727 1075 802 Varias
1093 727 1249 822 Regulos

220 868 263 916 ao
294 844 448 927 Statuta,
479 847 673 916 monastiea
706 853 744 915 et
777 846 954 927 canonica,
985 845 1143 914 omnium
1174 843 1248 914 fere

222 961 467 1055 religiosorum
493 960 678 1044 Ordinum,
697 963 757 1052 qui
784 963 821 1030 in
845 959 1006 1030 Ecclesia
1028 959 1160 1030 Christi
1186 958 1249 1029 flo-

221 1085 378 1160 ruenmt,
405 1083 443 1148 et
470 1079 665 1148 etiamnum
692 1075 830 1160 florent,
856 1099 967 1169 usque
994 1077 1039 1146 ad
1067 1074 1248 1147 Saeculum

220 1191 313 1262 XII.
341 1191 522 1276 inclusive,
550 1192 621 1262 III.
645 1191 714 1264 IV.
741 1193 789 1264 V.
814 1202 852 1264 et
873 1193 942 1265 VI.
995 1191 1248 1262 Recentiorum

221 1307 400 1380 Ordinum
426 1317 463 1378 et
489 1307 813 1402 congregationum
841 1307 997 1403 Regulos
1024 1332 1065 1378 ao
1094 1307 1247 1390 Statuta,

221 1426 349 1516 quibus
375 1423 412 1496 S.
434 1425 604 1508 Ecclesia,
636 1425 773 1518 Sponsa
801 1425 943 1509 Christi,
970 1425 1117 1494 mirifice
1147 1447 1249 1495 exor-

219 1548 335 1623 natur,
370 1563 481 1634 usque
515 1543 560 1611 ad
597 1549 718 1611 nostra
752 1549 912 1634 tempora
951 1540 1247 1633 complectuntur.

220 1653 537 1728 Observationibus
555 1657 867 1728 critico-historicis
880 1679 901 1727 a
915 1657 954 1726 P.
970 1655 1013 1726 R.
1029 1655 1069 1725 P.
1084 1653 1247 1725 Mariano

221 1770 376 1842 Brockie
394 1771 431 1842 S.
445 1772 486 1842 T.
501 1772 546 1842 D.
582 1773 704 1844 Priore
729 1797 770 1844 ao
797 1773 943 1844 Seniore
971 1772 1180 1842 Monastorii
1209 1768 1247 1840 S.

219 1887 348 1958 Jacobi
366 1887 554 1958 Sootornm
573 1889 778 1960 Ratisbonae
795 1889 1010 1960 illustratus:
1038 1889 1162 1980 quue
1189 1887 1247 1980 pie

221 2003 392 2074 defrmoto
426 2005 471 2074 ab
504 2005 574 2076 olio
608 2007 767 2098 ejusdem
802 2005 972 2088 Coenobii,
1009 2005 1174 2076 Nationis
1210 2011 1248 2074 et

221 2119 385 2189 Instituti
411 2118 546 2190 Asoeto
572 2120 721 2192 ulterius
748 2124 974 2194 continuatus
1000 2129 1038 2191 et
1066 2120 1248 2192 Indioibus

219 2235 423 2306 necessariis
473 2237 675 2309 instmotus.
752 2237 929 2332 Augustae
978 2233 1247 2308 Vindelicorum

220 2349 431 2443 Sumptibus
469 2351 601 2446 Ignatii
640 2351 771 2426 Adami
811 2364 849 2426 ot
890 2353 1065 2424 Franoisoi
1094 2350 1247 2422 Antonii

221 2465 336 2538 Veith
364 2467 653 2562 Bibliopolarum.
716 2469 823 2540 Anno
851 2489 1025 2540 unccmx.
1083 2467 1248 2561 Superio-

222 2605 301 2658 rum
319 2581 509 2654 Permissu.
562 2583 605 2654 ln
626 2584 720 2654 folio.

187 2808 362 2896 Gatalogus
382 2810 576 2896 Regularum
591 2819 625 2876 et
639 2812 774 2877 aliorum
791 2813 1010 2892 Traotatuum‚
1027 2813 1080 2898 qui
1096 2813 1128 2876 in
1144 2813 1245 2898 primo

141 2911 271 2978 Codicis
287 2913 481 2999 Regularum
497 2915 598 2979 Tomo
612 2915 824 2980 eontinentur.

635 3140 716 3206 Pars
732 3141 759 3205 I.

274 3291 404 3377 Regulae
420 3293 477 3356 SS.
495 3291 631 3357 Patrum
646 3291 855 3358 Orientalium
870 3293 912 3358 ad
929 3293 1115 3358 Monaohos.

140 3487 176 3548 S.
188 3487 335 3547 Auroram
351 3489 484 3550 Abbatis.
529 3490 598 3548 Saeo.
616 3489 671 3547 lv.

140 3583 174 3641 S.
187 3584 285 3644 Issrm
300 3585 434 3645 Abbatis.
478 3586 624 3646 Saec.1v.

139 3681 197 3738 SS.
215 3682 419 3753 susurronis,
442 3683 599 3751 lllsosrrr,
624 3683 822 3750 Parusumr,
843 3694 872 3740 et
894 3683 1014 3742 alterius
1034 3685 1141 3742 Maon·

182 3781 315 3846 au‚&o.
360 3781 431 3840 Saeo.
449 3781 505 3839 IV.

138 3875 200 3932 SS.
217 3875 340 3935 Parrum
354 3877 417 3936 alia.
462 3877 532 3936 Saec.
550 3875 606 3934 IV.

355 3975 450 4032 tortis.
494 3975 638 4034 saee.1V.

136 4070 169 4126 S.
184 4070 330 4128 Macran
346 4069 548 4142 Alexandrini,
564 4072 690 4131 Abbatis
704 4072 873 4132 Nitriensis.
917 4074 989 4132 Saeo.
1005 4074 1057 4131 lV.

265 4166 401 4246 Ejusdem
417 4167 558 4246 Epistola.

136 4259 170 4318 S.
185 4259 363 4332 Psonorrn,
378 4261 503 4324 Abbatis
518 4261 726 4335 Tabennensis,
742 4289 806 4327 cum
827 4268 1002 4327 Prolatione
1021 4268 1052 4326 S.
1066 4268 1139 4325 Hie.

178 4357 296 4435 ronymi
312 4357 342 4415 in
356 4357 486 4416 eandem.
531 4359 604 4418 Saeo.
620 4360 673 4418 lV.

670 4476 720 4515 m
