3192 5112
356 380 399 442 ³0
641 379 730 440 Pota·
755 377 927 442 Tlssoama
948 377 1177 440 Aoccdotorum.

361 547 517 604 Anssnur
540 546 679 626 Episcopi
701 545 944 624 Havelbergensis
966 544 1040 603 Ord.
1056 545 1129 604 Can.
1146 545 1220 623 aeg.
1243 544 1276 602 S.
1290 543 1355 600 Au·
1407 557 1461 605 col.

400 643 510 721 gustini
525 643 612 701 Liber
627 643 663 701 de
678 641 789 700 Ordine
804 641 1017 700 Canonicorurn
1034 641 1233 720 Regulsrium.
1421 657 1458 714 73

360 738 491 797 Anosnr
512 759 562 798 seu
578 739 764 804 Annonam,
780 737 919 796 Monaobi
935 737 1136 796 Cluniaoensis
1149 737 1222 796 Ord.
1239 737 1271 796 S.
1283 737 1356 796 Ben.

402 835 534 895 Libellus
548 835 585 895 de
598 837 706 894 Libero
721 835 865 893 Arbitrio.
1403 853 1456 890 111

362 933 581 992 Emoanasam
603 931 729 991 Abbatis
750 931 961 990 Admontensis
978 929 1050 990 Ord.
1066 931 1098 988 S.
1115 931 1188 990 Ben.
1203 931 1358 990 Tractatus

402 1029 439 1088 de
453 1030 560 1089 Libero
574 1029 716 1088 Arbitrio.
1405 1047 1460 1105 ¹¹9

362 1127 533 1186 Sunanaru
563 1128 705 1186 cartusiae
738 1127 807 1184 olim
837 1125 1022 1196 Dolnnensis,
1051 1145 1129 1182 nuno
1157 1125 1360 1184 Olomuceusis

402 1227 488 1304 primi
504 1225 614 1284 Prioris
627 1224 760 1284 Medulla
774 1225 879 1283 Tritici
894 1245 946 1282 seu
961 1222 1202 1282 Antivviklsffus.
1404 1241 1460 1299 149

364 1323 501 1402 Ejusdem
517 1322 707 1381 Antihussus.
1401 1321 1455 1394 361

364 1420 503 1499 Ejusdem
525 1419 667 1496 Dialogus
681 1417 820 1476 Volatilis
844 1419 921 1477 inter
944 1417 1056 1476 Aueam
1082 1428 1112 1474 et
1136 1417 1284 1476 Passerem
1310 1417 1360 1475 sd.

403 1536 504 1575 versus
518 1515 662 1574 Hussnm.
773 1561 776 1568 .
1399 1532 1454 1588 431

365 1615 501 1693 Ejusdem
515 1613 604 1704 Liber
619 1612 794 1692 Epistolsris
807 1610 1074 1690 Quinquepertitus
1087 1609 1124 1668 ad
1140 1609 1286 1668 llussitss.
1400 1627 1458 1685 503
1584 1645 1585 1670 r

779 1823 942 1886 PARTE
975 1821 1044 1885 111.

364 1961 522 2021 Lunovror
538 1962 668 2020 Senioris
687 1961 824 2020 Monocbi
847 1972 876 2020 et
892 1960 1016 2018 Diaconi
1035 1960 1068 2018 S.
1084 1960 1236 2038 Laurentij
1252 1959 1357 2019 Leodi-

404 2058 482 2116 ensis
504 2057 577 2116 Ord.
598 2059 629 2118 S.
646 2058 756 2117 Bened.
782 2059 932 2136 Scriptum
950 2057 987 2114 de
1001 2055 1139 2114 Adventu
1158 2055 1357 2134 Reliquiarum

406 2151 441 2210 Β.
457 2154 609 2233 Laurentij
626 2154 767 2233 Martyris
782 2153 883 2212 Romu
898 2153 1052 2212 Leodium.
1446 2175 1454 2211 ι

366 2247 401 2306 Β.
415 2249 580 2309 Jonanars
595 2251 732 2310 Monaobi
754 2251 784 2309 S.
800 2250 951 2326 Laurentij
967 2249 1137 2308 Leodiensis
1153 2249 1226 2308 Ord.
1241 2251 1273 2309 S.
1286 2249 1358 2308 Ben.

406 2346 491 2406 Visio
513 2348 615 2407 Status
635 2349 809 2406 Animarum
835 2358 901 2426 post
921 2347 1058 2413 Mortem,
1077 2357 1108 2404 et
1128 2345 1305 2404 Miraculum
1327 2346 1358 2403 S.

406 2444 559 2523 Laurentij
574 2445 724 2524 Martyris.
1442 2461 1459 2518 5
1584 2429 1585 2448 ἶ

366 2540 515 2600 Rumam
537 2542 675 2601 Monacbi
697 2541 728 2600 S.
743 2541 895 2618 Laurentij
915 2540 1087 2600 Leodiensis
1109 2541 1182 2598 Ord.
1202 2539 1234 2599 S.
1249 2540 1359 2599 Bened.

406 2639 443 2697 de
456 2639 540 2698 claris
555 2639 753 2718 Scriptoribus
767 2637 938 2714 Monasterij
954 2638 999 2696 sui
1013 2637 1121 2696 Libelli
1136 2637 1196 2694 111.
1425 2656 1458 2712 17

365 2737 505 2816 Ejusdem
526 2737 557 2795 in
571 2737 687 2796 Novem
708 2747 776 2794 ante
796 2733 955 2792 Natalitins
969 2733 1165 2812 Antiphontis,
1181 2735 1217 2792 ab
1231 2733 1259 2790 0
1274 2755 1357 2793 exor-

406 2834 519 2894 dientes
533 2833 757 2892 commentatio.
1422 2851 1458 2907 53
1584 2899 1585 2904 ,

366 2931 504 3006 Ejusdem
531 2930 690 3010 Speculum
718 2929 908 3008 poenitentias,
938 2947 989 2985 sen
1017 2926 1053 2985 de
1069 2927 1140 2986 Vita
1170 2927 1201 2984 S.
1222 2927 1358 3005 Pelagio,
1584 2949 1585 3004 p

406 3029 489 3086 Libri
504 3028 546 3086 11.
1420 3027 1461 3102 69
1584 3043 1585 3056 ³

366 3125 504 3202 Ejusdem
533 3124 708 3184 Palmarium
734 3124 892 3200 virginale,
921 3143 972 3182 seu
1007 3122 1043 3181 de
1071 3123 1140 3180 Vits
1170 3135 1200 3180 et
1222 3123 1360 3182 Pessione
1584 3099 1585 3190 l

407 3221 522 3280 Sanctae
538 3222 643 3280 Msriae
658 3221 790 3299 Virginis
804 3218 984 3299 Cappadocis
997 3219 1079 3278 Libri
1095 3219 1459 3294 11.83

368 3318 504 3396 Ejusdem
526 3317 596 3378 Flos
611 3317 723 3383 Eremi,
736 3337 788 3375 seu
810 3316 847 3374 de
868 3316 929 3374 vita
950 3314 984 3373 S.
996 3315 1157 3374 Theobaldi
1174 3315 1312 3374 blonaohi
1330 3327 1361 3373 et
1584 3361 1585 3364 .

408 3415 547 3474 Eromltoe
561 3415 642 3475 Libri
657 3415 700 3473 lI.
1422 3431 1459 3490 95
1584 3453 1585 3484 p

368 3511 504 3589 Ejusdem
518 3510 555 3570 de
570 3509 716 3568 conflictu
730 3509 854 3568 duorum
866 3508 996 3575 Ducum,
1009 3520 1039 3568 et
1050 3508 1222 3568 Animarum
1236 3510 1360 3568 mirabili

407 3605 598 3667 Revelatione
618 3626 651 3664 ao
672 3605 708 3664 de
724 3605 823 3664 Milite
844 3605 959 3684 captivo
979 3625 1032 3684 per
1052 3604 1205 3664 salutarem
1222 3605 1359 3665 Hostiam
1584 3635 1585 3694 p

407 3703 529 3762 liberato
542 3702 649 3762 Libelli
663 3701 776 3761 metrici
791 3701 833 3759 ll.
1405 3723 1461 3779 109

368 3798 507 3877 Ejusdem
523 3799 561 3858 de
574 3798 716 3858 Adventu
731 3798 932 3876 Reliquiarum
955 3798 987 3856 S.
1002 3798 1154 3876 Laurentij
1177 3799 1271 3858 Roma
1284 3801 1359 3860 Leo·
1584 3779 1585 3806 ¹

407 3894 487 3954 dium
503 3895 591 3954 Liber
605 3895 742 3954 metricus
756 3915 821 3953 cum
842 3895 906 3954 uliis
926 3895 1032 3954 diversi
1046 3896 1160 3972 generis
1174 3896 1358 3955 Carminibus

406 4001 437 4048 et
452 3989 727 4069 Epigrammatibus.
1406 4013 1456 4052 ιιι
1584 4031 1585 4036 1

366 4087 506 4167 Ejusdem
522 4087 720 4166 Triumphalis
734 4087 870 4146 Bulonici
886 4087 992 4147 Libelli
1009 4088 1048 4146 V.
1408 4109 1463 4170 129

366 4185 506 4265 Ejusdem
520 4183 593 4242 Vita
608 4183 733 4242 Evraobi
748 4185 847 4242 XLV.
863 4185 1003 4265 Episcopi
1016 4187 1197 4246 Leodiensis.
1406 4197 1439 4266 1'5
1444 4209 1460 4265 5

366 4282 506 4362 EJ'osdem
522 4280 594 4340 Vita
608 4279 766 4358 Reginardi
780 4280 851 4340 Lml.
868 4283 1010 4363 Episcopi
1023 4283 1204 4344 Leodiensis.
1406 4287 1461 4364 167

366 4377 506 4459 Ejusdem
518 4376 607 4436 Liber
618 4377 655 4435 de
664 4377 742 4436 Casu
754 4377 900 4437 Fulminis
913 4398 1040 4457 super
1012 4379 1173 4440 Ecclesiam
1186 4381 1361 4459 Monasterij

406 4476 460 4536 sui.
1406 4481 1461 4556 187
