3192 5112
505 397 655 462 Masi
675 397 883 484 Spioikyium.

147 633 343 693 Isauram-11
365 635 457 693 Pan
479 634 521 694 11.
547 634 682 714 Epistola
701 634 739 694 ad
752 634 886 696 Alvisum
901 634 1139 714 Aquioinctinum
1182 553 1241 617 pag.

185 731 342 791 Abbatsm.
1181 751 1241 811 493

145 829 288 908 Ejusdem
308 829 444 910 Epistola
465 829 501 889 ad
523 830 696 890 Romensam
720 851 753 890 ac
774 829 971 890 senonensem
986 829 1141 912 Archiepi.

186 947 298 1006 acopos
1170 929 1240 989 ibid.

146 1023 288 1102 Ejusdem
302 1025 437 1106 Epistola
449 1026 486 1086 ad
497 1026 673 1088 Gauiridum
684 1026 906 1094 carnutensem,
916 1046 950 1085 ac
961 1025 1141 1106 Stephanum

186 1121 382 1182 Parisiensem
397 1123 565 1204 Episcopos
1169 1121 1239 1183 ibid.

145 1219 309 1280 canonicos
334 1219 492 1299 Regulares
518 1221 548 1280 in
576 1219 704 1280 Ecclesia
732 1220 763 1280 S.
785 1219 909 1280 Martini
936 1219 1074 1286 instituit,
1103 1240 1136 1278 uc

181 1315 252 1392 jura
267 1317 466 1376 Ambianansis
479 1317 590 1376 Dcesni
611 1317 763 1376 confirmat
783 1319 954 1376 Gusaruus
974 1315 1139 1396 Episcopus

187 1413 401 1473 Ambiancusis.
1178 1431 1239 1492 494

146 1509 244 1568 Huoo
268 1509 432 1590 Episcopus
455 1509 704 1570 Autisiodorcnsis
727 1510 919 1591 complurium
942 1509 1136 1574 Ecclesiamm

186 1606 313 1666 decimas
326 1607 479 1666 (laconicis
499 1607 558 1666 suis
578 1609 720 1677 concedit,
735 1631 769 1670 cu
788 1609 863 1688 lega,
877 1619 912 1668 ut
928 1619 990 1668 tota
1004 1609 1137 1681 Quadra.

185 1704 295 1782 gasims
307 1704 497 1764 communitor
511 1704 672 1765 comedant.
1165 1705 1235 1766 ibid.

143 1800 223 1874 Quae
243 1801 377 1860 Abbatiae
398 1801 557 1883 caricampi
578 1803 683 1865 collata
701 1816 780 1873 suut,
794 1805 965 1866 confirmant
982 1803 1136 1864 Tarous-

185 1917 280 1958 srcus
293 1898 505 1972 Ambiansnsis,
520 1921 553 1960 ac
566 1902 657 1961 Mino
669 1903 851 1962 Morinorum
866 1903 1015 1984 Episcopi.
1177 1919 1235 1981 495

144 1995 277 2054 Passus
291 1994 516 2054 Vnuuassmrs
537 1995 637 2055 Abbss
657 1996 864 2065 Clunisccusis.
878 2015 931 2076 pro
948 1995 1078 2056 Rodulfo
1098 1994 1136 2056 da

185 2093 316 2151 Parrous
325 2091 507 2151 bcnrhcmre
521 2093 635 2152 ordinat
644 2093 751 2152 Missas
764 2114 797 2153 ac
807 2115 905 2174 procos
919 2107 982 2155 tum
993 2094 1136 2160 cluniam,

184 2200 249 2248 tum
263 2190 294 2246 iu
308 2199 371 2248 toto
384 2188 495 2248 Ordine
508 2188 698 2249 celebrandas.
1165 2189 1235 2250 ibid.

141 2286 176 2344 S.
192 2286 366 2345 Bassum
381 2285 516 2366 Epistola
529 2284 566 2345 ad
580 2287 782 2346 Innocentium
799 2287 906 2368 Papam
922 2289 965 2349 11.
1175 2291 1235 2366 496

144 2384 330 2442 Causarum
345 2382 438 2442 Pam
451 2383 495 2442 11.
512 2381 864 2463 EpistolaadMobscbos
874 2384 1088 2446 Cluniacenses.
1164 2387 1234 2446 ibid.

142 2481 328 2540 Lnnovrons
351 2480 423 2539 Vll.
452 2481 629 2540 Francorum
657 2481 732 2552 Rex,
756 2482 935 2542 Mouialibus
958 2483 1135 2544 Hedersnsis

183 2577 319 2637 Abbatiae
340 2577 478 2636 decimam
500 2577 632 2638 conrodit
655 2579 737 2658 panis
757 2579 794 2638 ad
811 2579 929 2638 Curiam
953 2601 1034 2640 susm
1055 2580 1133 2642 allati

183 2675 255 2734 dum
270 2675 387 2734 Parisiis
400 2687 538 2733 moratur.
1175 2695 1232 2755 497

142 2772 305 2832 Ecclesim
328 2772 358 2830 S.
373 2772 494 2830 Martini
516 2773 547 2830 in
561 2771 715 2832 Abbatiam
739 2786 889 2853 promovet
906 2775 1133 2836 Tuuonuulcus

184 2869 349 2950 Episcopus
363 2868 574 2929 Ambianeusis.
1163 2873 1232 2934 ibid.

141 2967 289 3026 Euoasn
305 2967 397 3025 Pars
411 2965 471 3024 111.
486 2966 620 3047 Epistola
633 2967 669 3026 ad
684 2967 802 3026 Clarum
816 2979 847 3027 et
863 2969 1008 3048 Populum
1021 2970 1132 3028 'Forna-

182 3083 306 3123 consam.
1163 3067 1232 3127 ibid.

141 3161 282 3241 Ejusdem
298 3161 431 3242 Epistola
444 3161 480 3221 ad
494 3161 675 3222 Ludovicum
691 3163 766 3222 VII.
782 3163 959 3224 Francorum
975 3165 1096 3244 Regem.
1172 3166 1232 3243 498

141 3261 329 3318 Gurnnsnur
344 3261 464 3320 Domini
479 3260 736 3341 Montispessulaui
751 3261 981 3322 Testamentum.
1160 3263 1231 3322 ibid.

143 3357 314 3416 (insuram
329 3357 452 3417 Abbatis
469 3359 500 3416 S.
512 3359 633 3417 Martini
648 3357 849 3418 Laudunensis
867 3359 1001 3438 Epistola
1020 3359 1058 3418 ad
1072 3361 1132 3420 Ga.

182 3455 317 3514 rauldnm
332 3454 510 3534 Episcopum
526 3455 747 3515 Tomacensom.
1172 3471 1231 3534 500

140 3553 177 3611 A.
192 3551 319 3610 Abbatis
333 3551 549 3611 Euersamensis
562 3551 747 3631 Epistolaad
760 3551 903 3612 eumdem.
1162 3553 1231 3614 ibid.

142 3649 252 3707 lacerti
267 3647 401 3728 Epistola
412 3647 449 3706 ad
464 3648 639 3726 Magistrum
654 3649 770 3709 Militis
784 3649 909 3730 Templi.
1171 3667 1227 3727 501

140 3743 317 3805 Hsuamus
338 3743 500 3824 Episcopus
514 3745 665 3806 Troesmis
686 3744 717 3804 S.
734 3747 924 3814 Bernardnm,
939 3757 970 3807 ot
984 3747 1130 3808 clareval-

181 3841 276 3901 lenses
289 3841 448 3900 Monacbos
461 3842 553 3901 mittit
566 3842 597 3901 in
611 3844 818 3922 possessiouem
833 3843 1035 3904 Bullsncuriae.
1091 3857 1095 3864 ’
1158 3845 1229 3906 ibid.

139 3938 281 3996 Narratio
300 3936 480 3996 fundationis
501 3937 637 3998 Ecclesia
657 3939 689 3997 S.
701 3937 906 3998 Bartholomoei
929 3939 960 3998 in
981 3959 1054 4020 pago
1074 3939 1129 4000 Al-

180 4035 284 4094 siensi.
1158 4039 1228 4100 ibid.

138 4131 302 4192 Godefrido
315 4131 494 4210 Lingonensi
510 4132 655 4213 Episcopo
667 4133 763 4194 ablata
783 4134 819 4192 ab
832 4132 937 4194 Odonc
951 4133 1130 4212 Burgundio

179 4229 274 4298 Duce,
288 4229 403 4288 restitui
413 4229 499 4306 jubet
513 4229 693 4290 Lunovrous
707 4229 782 4290 VII.
798 4230 975 4290 Francorum
991 4231 1066 4292 Ros.
1148 4248 1151 4254 ·
1170 4245 1228 4307 502

138 4327 287 4386 Hssnror
311 4327 605 4386 Huurrunonnusrs
630 4327 764 4406 Epistola
790 4327 827 4387 de
851 4338 1019 4408 contemptu
1048 4326 1149 4386 muudi

179 4424 217 4483 ad
232 4423 405 4483 Waltorum.
1170 4439 1227 4499 503
