3172 5108
415 397 545 468 aaa&
557 406 586 466 et
598 396 709 464 Mons
721 393 929 462 Miscellooeu.

125 659 275 720 Executio
292 660 444 720 sententie
458 669 559 718 conus
571 657 710 736 quosdam
724 655 874 715 hereticos
887 653 953 714 late
967 656 1003 714 ab
1017 653 1121 712 Arcisi-

166 758 298 838 episcopo
313 756 495 818 Narbonensi
517 767 547 816 et
566 756 719 815 Joasssn
741 773 785 812 nn
809 753 925 812 Bsuus
945 751 1124 829 Inquisitore

166 856 309 914 heretica
323 853 484 934 pravitatis.

126 953 242 1012 Littera
256 951 466 1026 Magistrorom
480 949 510 1007 in
529 948 693 1028 Theologim
708 948 759 1025 qui
773 946 910 1007 articulos
930 955 1076 1005 extractos
1090 944 1127 1005 de

167 1048 287 1129 postilla
307 1047 390 1107 Petri
409 1045 555 1104 Johannis
575 1045 657 1104 Oliri
678 1045 824 1123 quondam
838 1043 959 1102 Ordinis
976 1043 1128 1100 Minorum

168 1147 246 1204 facts
266 1163 353 1224 super
367 1141 546 1222 Apocalypsi
567 1141 723 1221 diligenter
743 1141 990 1208 examinaverunt,
1005 1150 1035 1199 et
1049 1139 1128 1219 ipsos

167 1252 228 1300 tam
243 1239 420 1306 temermios,
435 1258 521 1316 quam
536 1239 687 1299 hereticos
697 1239 913 1316 judicaverunt.
1170 1237 1227 1314 258

125 1337 278 1397 Judicium
292 1335 446 1395 duodecim
461 1335 672 1414 Magistrorom
687 1337 717 1394 io
736 1335 889 1414 Theologio
904 1343 930 1393 et
948 1335 978 1393 in
994 1333 1126 1394 Decretis

169 1434 207 1494 de
219 1433 322 1493 iisdem
336 1432 477 1494 articulis.
1170 1448 1228 1508 270

129 1531 206 1590 Item
228 1529 308 1588 aliud
328 1529 468 1609 scriptum
490 1539 591 1589 contm
609 1529 768 1590 doctrinam
790 1529 821 1586 in
840 1527 969 1588 articulis
990 1527 1048 1588 illis
1069 1537 1127 1588 trs·

170 1628 272 1687 ditsm.
1171 1641 1226 1702 ²7¹

129 1724 286 1783 Tractatus
300 1733 401 1783 eontra
417 1723 576 1803 Beffnmos,
591 1733 622 1782 et
636 1722 754 1782 Fratres
775 1721 909 1782 Minores
922 1722 973 1800 qui
993 1721 1129 1782 dicuntur

170 1819 347 1900 spirituales.
1173 1833 1229 1894 272

130 1917 208 1977 Item
227 1915 301 1974 alius
318 1915 474 1976 Tractatus
494 1915 632 1975 adversus
653 1914 779 1983 eosdem,
798 1925 926 1986 auctore,
946 1926 980 1975 ut
1002 1916 1128 1985 videtur,

170 2014 327 2073 Jonsnus
342 2032 385 2072 nn
401 2013 527 2084 Bessi,
543 2013 721 2092 inquisitore
735 2011 965 2072 carcassonensi.
1172 2031 1230 2090 ²74

130 2109 260 2169 Articuli
281 2110 484 2189 probationum
507 2119 609 2168 contra
629 2109 749 2166 fratrem
773 2108 949 2168 Ubertiuum
974 2109 1011 2169 de
1035 2109 1131 2168 Casuli

171 2206 356 2265 inducturum
371 2206 491 2265 afratoe
505 2205 690 2284 Bonsgratia.
1174 2207 1232 2282 276

132 2301 295 2380 Responsio
317 2301 416 2360 fratris
440 2301 608 2358 Unanrnu
630 2319 673 2359 nn
696 2300 814 2358 Ossam
837 2300 957 2360 Ordinis
979 2301 1131 2361 Minorum

173 2401 249 2458 circa
269 2398 458 2477 questionem
481 2397 517 2457 de
538 2408 710 2477 paupertate
730 2396 839 2456 Christi
859 2407 889 2456 et
911 2397 1130 2476 Apostolorum,

173 2498 252 2556 fecta
264 2517 360 2556 coram
374 2496 509 2554 Johanne
524 2495 594 2553 xxii.
609 2495 688 2575 apud
701 2494 876 2555 Avinionem
890 2495 920 2554 in
935 2495 1123 2556 consistorio.
1175 2512 1233 2576 279

133 2594 268 2652 Examen
279 2591 417 2670 judiciale
432 2591 579 2652 Francisci
594 2592 699 2651 Veneti
713 2592 827 2652 asseclae
842 2591 957 2652 Massili
970 2593 1007 2652 de
1022 2593 1131 2653 Padua.
1176 2596 1234 2654 280

133 2689 269 2748 Examen
288 2688 427 2766 judiciale
441 2689 540 2748 fratris
562 2688 709 2747 Francisci
722 2687 759 2748 de
773 2688 884 2748 Esculo
897 2689 1017 2749 Ordinis
1031 2691 1131 2750 Mino·

173 2807 249 2844 rum.
1176 2791 1230 2848 282

133 2883 292 2942 Lunovrct
305 2883 357 2942 lV.
373 2881 478 2941 Bavsri
493 2881 567 2962 lmp.
579 2880 733 2940 submissio
746 2883 823 2942 facta
837 2881 1133 2942 ClementiV1.anuo

175 2997 347 3039 neccxmv.
748 3053 752 3064 ἱ
1176 2983 1235 3058 284

135 3077 258 3135 Veteres
270 3074 395 3134 Litauioe
409 3073 549 3133 Ecclesia
564 3073 788 3134 Bellovacensis.
1178 3081 1233 3156 285

135 3172 184 3230 Ex
199 3172 291 3231 Libro
306 3172 478 3230 Bsaussns
492 3171 654 3229 Gurnorsns
669 3170 809 3250 Episcopi
823 3169 1003 3232 Lodoveusis
1016 3173 1053 3234 de
1067 3173 1135 3234 viris

176 3268 340 3329 illustribus
354 3267 476 3328 Ordinis
490 3267 627 3326 Fratrum
642 3266 870 3326 Prssdicatorum
885 3268 954 3328 MS.
1168 3271 1236 3332 ibid.

135 3365 224 3426 Bulla
241 3366 406 3424 Jonsruus
422 3365 518 3423 ΡΜ
533 3363 640 3421 XXII.
661 3363 698 3422 de
720 3364 884 3442 privatione
904 3365 1003 3426 fratris
1023 3367 1136 3426 Isnardi

177 3461 248 3522 olim
276 3461 452 3520 Patriarchae
477 3458 654 3518 Antiocheui
677 3469 708 3518 et
730 3459 970 3522 administratoris
998 3463 1137 3524 Ecclesia

179 3557 338 3637 Pspieusis.
1180 3563 1238 3622 286

136 3658 261 3716 Errores
285 3665 370 3712 scote
397 3653 548 3711 homiuum
572 3651 782 3730 intelligentie,
808 3665 837 3712 et
864 3675 1014 3734 processus
1041 3657 1137 3718 factus

177 3763 279 3812 contra
292 3751 411 3808 fratrem
423 3747 606 3807 Willelmum
621 3747 657 3807 de
672 3748 869 3808 Hildenissem
884 3751 1069 3812 Camelitam
1083 3776 1137 3834 per

180 3849 302 3906 Petrum
314 3845 351 3904 de
363 3845 479 3904 Alliaco
491 3845 669 3924 Episcopum
685 3845 921 3906 cameracensem
936 3869 1012 3908 anuo
1027 3851 1136 3911 Christi

179 3960 322 4002 mccccxr.
1179 3948 1237 4008 288

136 4038 268 4099 Articuli
283 4037 478 4098 Nomioalism
492 4036 581 4096 oblati
596 4036 748 4096 Ludovico
763 4037 819 4096 ΧΙ.
836 4039 911 4118 Regi
926 4060 1003 4100 anuo
1018 4059 1104 4119 1473.
1182 4063 1237 4122 293

136 4135 302 4216 Opiniones
322 4135 384 4193 sive
406 4134 570 4212 Signatum
597 4134 749 4194 Doctorum
777 4135 994 4207 parisiensium,
1016 4161 1138 4218 quarum

180 4233 214 4292 fit
227 4231 339 4290 mentio
353 4231 385 4289 in
399 4231 596 4310 superioribus
609 4229 762 4292 Articulis.
1182 4255 1240 4316 ²94

137 4329 311 4388 Conventus
347 4326 559 4408 Episcoporum
595 4327 699 4387 Gallia
734 4329 811 4408 apud
839 4329 1034 4392 Melodunum
1063 4353 1139 4392 anno

181 4443 345 4484 unxnvm.
1182 4451 1237 4510 297
