3172 5108
450 387 598 454 Olmla'tr
612 385 670 454 SS.
683 389 797 454 Patres
810 389 930 454 Latini.
1173 390 1237 458 217

136 557 231 617 Tomo
244 556 318 616 XV.
339 557 423 618 Libri
437 557 469 616 in
483 558 637 617 Canticum
652 560 849 619 Canticorum.

339 654 479 714 Homilin
493 655 524 713 in
539 655 654 714 Isaiam.

339 751 478 810 Homilirc
494 753 526 810 in
540 749 707 812 Jeremiam.

216 843 306 908 XVI.
342 847 456 908 Selectu
469 849 499 906 in
514 849 657 908 Threnos.

339 945 555 1004 Commentario
569 945 598 1003 in
614 945 810 1005 Ezechielem.

339 1042 479 1102 Homiliae
493 1043 524 1100 in
538 1042 735 1104 Ezechielem.

340 1138 453 1198 Selecta
466 1139 498 1198 ln
513 1139 709 1199 Ezechielem.

340 1237 389 1296 Ex
404 1238 627 1298 Commentariis
641 1238 672 1296 in
686 1237 773 1299 Osee.

339 1335 554 1394 Commentario
581 1334 613 1393 in
639 1334 834 1414 Evangelium
862 1335 1021 1396 secundum
1048 1337 1235 1398 Matthaenm.

380 1429 464 1488 Tom.
477 1429 517 1488 X.
531 1429 589 1489 XI.
601 1430 676 1488 XII.

217 1525 325 1588 XVII.
350 1525 565 1585 Commentario
588 1525 619 1584 in
645 1525 838 1605 Evangelium
864 1528 1022 1587 secundum
1048 1529 1235 1588 llIatthaeum.

381 1623 466 1681 Tom.
483 1621 576 1681 XIII.
592 1622 682 1682 XIV.
697 1623 769 1682 XV.
785 1623 874 1683 XVI.
890 1624 996 1683 XVII.

217 1720 342 1780 XVIII.
356 1719 452 1779 Series
466 1718 584 1778 Veteris
604 1719 859 1799 Interpretationis
872 1721 1153 1781 Commentariorum
1168 1721 1236 1781 Ori-

379 1817 462 1896 genis
475 1816 506 1874 in
521 1815 710 1876 Matthaeum.

339 1913 475 1992 Origenis
488 1913 520 1970 in
533 1912 644 1971 Lucam
659 1911 797 1970 Homilias
812 1912 964 1972 XXXIX.
980 1924 1010 1973 et
1025 1913 1209 1992 Fragmenta.

217 2010 307 2070 XIX.
350 2009 629 2068 Commentariorum
652 2007 683 2065 in
704 2008 897 2087 Evangeiium
911 2010 1034 2070 Joanuis
1049 2011 1134 2069 Tom.
1150 2011 1175 2068 1.
1191 2011 1235 2069 11.

381 2106 440 2164 III.
456 2105 514 2164 IV.
529 2106 565 2162 V.
581 2104 638 2163 VI.
654 2105 694 2163 X.

218 2202 291 2262 XX.
334 2201 615 2261 Commentariorum
637 2200 668 2258 in
690 2200 885 2278 Evangelium
904 2201 1026 2260 Joannis
1041 2203 1125 2261 Tom.
1140 2203 1234 2262 XIII.

380 2299 465 2357 XIX.
481 2296 553 2354 XX.
568 2295 722 2354 XXVIII.
738 2297 876 2355 XXXII.

330 2394 506 2473 Fragmenta
520 2393 551 2450 in
565 2391 644 2451 Acta
656 2391 877 2472 Apostolorum.

218 2491 308 2550 XXI.
331 2489 612 2550 Commentariorum
626 2489 657 2546 in
673 2487 835 2566 Epistulam
859 2489 944 2548 Beati
965 2489 1049 2548 Pauli
1068 2491 1105 2549 ad
1127 2491 1235 2551 Romn-

360 2607 414 2646 nos
428 2587 495 2645 Lib.
512 2586 537 2644 1.
553 2584 595 2642 ll.
610 2584 670 2642 III.
686 2583 743 2642 lV.
758 2585 794 2642 V.
809 2586 860 2644 Vl.
876 2587 944 2646 vll.
960 2587 1049 2646 Vlll.
1065 2587 1123 2647 IX.
1139 2589 1179 2648 X.

331 2683 506 2762 Fragmenta
519 2682 550 2740 in
565 2679 714 2760 Epistulas
729 2679 815 2740 Beati
830 2681 924 2740 Pauli.

180 2895 304 2962 Eodem
329 2902 473 2980 temporo
502 2893 587 2957 idem
610 2891 801 2957 Francieous
824 2891 989 2957 Oberthlir
1019 2894 1235 2960 collectionem

134 2999 197 3064 ΗΒ.
207 2999 344 3064 Patr-um
356 2997 539 3062 Lotioomnn
553 2994 586 3059 in
600 2994 702 3058 lucem
716 2993 843 3058 edebat.
887 2993 1012 3060 Titulus
1027 3002 1085 3075 est,

136 3184 257 3280 Opera
274 3185 405 3259 Omnia
427 3183 639 3256 Sanctorum
660 3181 806 3253 Petrum
825 3182 1044 3254 Latinorum.
1096 3183 1237 3254 Wirce-

212 3303 325 3396 burgi,
342 3303 380 3372 in
398 3300 549 3372 Officinn
566 3299 725 3369 Libraria
752 3297 967 3370 Stahelinnu.
1002 3318 1238 3372 Muccnxxx-

214 3437 288 3488 xor.

450 3526 559 3590 Tomis
575 3526 601 3590 I.
617 3533 651 3591 el
666 3525 712 3590 ΙΙ.
727 3527 931 3592 continentur

135 3665 178 3737 Q.
194 3663 340 3723 Serninus
356 3661 536 3721 Fnoaenms
551 3663 776 3721 Taarunurarsr
791 3662 890 3741 Opera
904 3662 1020 3720 Omnia.

535 3839 644 3904 Tomis
659 3837 713 3902 III
728 3844 761 3903 et
777 3837 838 3902 IV.

132 3981 167 4041 S.
183 3981 309 4039 Cnoson
325 3979 489 4037 Cunnum
505 3975 644 4056 Episcopi
659 3975 794 4053 Carthng.
809 3984 839 4033 et
860 3975 1002 4054 Martyris
1017 3975 1114 4056 Opera
1133 3979 1238 4037 omnia.

177 4071 333 4132 Accedunt
344 4073 505 4130 Curarem
518 4067 911 4138 Antioch.Novsn1su1,et
924 4067 969 4125 Μ.
983 4068 1019 4125 M
1022 4087 1124 4127 ruucrr
1141 4068 1238 4127 Fens-

178 4187 226 4228 crs
238 4169 345 4248 Opere.

610 4287 710 4352 Tomo
726 4289 763 4352 V.

134 4426 281 4486 Annona
309 4425 378 4485 Afri
408 4427 546 4486 adversus
573 4427 685 4486 Gentes
715 4425 798 4485 Libri
823 4425 893 4482 Vll.
927 4434 957 4483 et
989 4422 1081 4480 Junrr
1107 4421 1237 4481 Ilrnrncr
