3192 5112
502 399 651 466 Dcoless'i
673 401 876 488 Spicilspisoa.
1195 401 1239 468 57

1177 556 1236 620 Peg.

141 635 305 696 Baracum
321 637 455 718 Epistola
468 637 505 697 ad
519 637 679 698 Robertum
696 637 841 698 Elandrisa
855 639 1009 699 Comitem.
1166 639 1236 699 ibid.

144 735 276 794 Unssrss
291 737 381 794 ΡΜ
395 735 530 816 Epistola
543 736 580 796 ad
593 736 738 796 eumdem.
1165 737 1235 796 ibid.

143 833 293 892 Hocosss
307 833 527 914 Arcbiepiscopi
541 833 746 912 Lugdunensis
760 832 894 912 Epistola
907 832 944 892 ad
958 833 1102 895 eumdem.
1164 834 1235 894 ibid.

144 931 275 990 Una-sur
290 931 386 990 ΡΜ
401 930 535 1010 Epistola
547 930 584 989 ad
597 931 735 1009 quosdam
750 931 889 990 Abbstes.
1164 931 1235 991 ibid.

142 1029 282 1108 Ejusdoa
297 1027 429 1106 Epistola
443 1027 480 1085 ad
494 1027 689 1087 Gualcherum
705 1028 882 1108 Episcopum
898 1031 1142 1090 cameracensem.
1176 1047 1237 1104 424

142 1124 308 1184 Ratuoum
331 1123 548 1204 Archiepiscopi
570 1125 723 1185 Remensis
744 1125 885 1205 Epistola
906 1126 971 1186 duaa
991 1126 1027 1186 ad
1047 1128 1135 1186 Lam·

182 1224 299 1281 benum
314 1221 492 1302 Episcopum
507 1222 739 1282 Atrebateusem.
1167 1223 1236 1283 ibid.

142 1320 276 1379 Usum
294 1321 385 1380 ΡΜ
399 1320 533 1400 Epistola
546 1321 582 1380 ad
596 1320 739 1379 eumdem.
1164 1321 1235 1381 ibid.

141 1415 284 1477 Narratio
297 1419 408 1478 itineris
421 1418 569 1478 Lambeni
583 1418 856 1477 Clarum-montem.
1166 1419 1236 1478 ibid.

143 1513 275 1574 Unssnr
290 1515 383 1574 ΡΜ
397 1515 531 1596 Epistola
543 1515 579 1574 ad
594 1515 788 1574 Guaruerium
803 1516 840 1574 de
854 1515 1041 1576 Castellione.
1176 1536 1215 1593 42
1219 1537 1235 1596 5

143 1609 285 1690 Ejusdem
312 1613 446 1693 Epistola
473 1613 509 1671 ad
537 1613 706 1672 Richerium
735 1612 994 1693 Arcbiepiscopum
1023 1613 1116 1672 Seno-

184 1729 313 1768 nensem.
1167 1712 1237 1771 ibid.

142 1805 284 1865 Narratio
297 1807 401 1885 reliqui
414 1808 525 1866 itineris
539 1807 687 1866 Lamberti
702 1807 973 1867 Clarum-montem.
1165 1809 1236 1870 ibid.

144 1903 277 1962 Uassnr
292 1906 384 1964 ΡΜ
399 1905 567 1972 Decretum,
581 1925 640 1983 quo
660 1905 847 1964 Atrebatensi
868 1905 934 1964 urbi
956 1925 1040 1965 snum
1063 1905 1137 1986 Epi.

183 2022 303 2082 scopum
318 2002 455 2061 restituit.
1166 2003 1236 2064 ibid.

142 2099 174 2158 Η
178 2116 292 2158 uacuus
305 2097 523 2179 Archiepiscopi
538 2097 742 2178 Lugdunensis
755 2099 885 2179 Epistola
906 2098 942 2158 ad
960 2100 1135 2161 Mathildem

185 2195 378 2257 comitissam.
1177 2200 1237 2274 4ιό

144 2297 183 2355 G.
200 2297 236 2354 A.
251 2297 388 2356 Monacbi
411 2295 611 2356 cluniacensis
635 2295 770 2376 Epistola
796 2294 832 2354 ad
859 2294 980 2354 Petrum
1006 2297 1136 2358 Priorem

186 2393 219 2452 S.
234 2395 366 2453 Joannis.
1175 2413 1235 2473 427

143 2491 309 2550 Rauracum
329 2491 548 2571 Archiepiscopi
570 2490 722 2550 Remensis
743 2490 884 2572 Epistola
906 2489 971 2550 dua
991 2491 1028 2551 ad
1048 2493 1135 2552 Lam·

184 2589 300 2648 bertum
315 2589 547 2648 Atrebatensem.
1166 2590 1236 2650 ibid.

142 2685 254 2744 Charta
266 2686 511 2746 confraternitatis
529 2685 604 2744 inter
619 2683 764 2744 Ecclesiae
779 2685 810 2743 S.
821 2685 937 2746 Nicolai
951 2697 982 2746 et
998 2686 1029 2744 S.
1042 2687 1137 2747 laudi

185 2782 361 2862 Andagavis.
1177 2786 1236 2860 428

144 2880 286 2942 canonici
303 2881 491 2941 caturcenses
510 2879 650 2939 nonnulla
670 2880 779 2940 donant
794 2880 957 2940 Gausberto
971 2879 1007 2940 de
1021 2884 1137 2940 Castro.

184 2997 262 3036 novo
275 2999 309 3038 ea
322 2979 386 3057 lege
400 2988 434 3036 ut
447 2977 524 3036 filius
542 2977 710 3037 canonicum
724 2977 855 3037 habitum
876 2977 954 3057 apud
975 2997 1005 3036 se
1024 2978 1136 3049 induat,

184 3096 252 3135 cum
266 3075 307 3134 X.
322 3077 415 3135 atatis
428 3096 534 3134 aunum
549 3074 688 3153 attigerit.
1177 3096 1237 3156 429

142 3173 300 3232 Massam
331 3172 470 3252 Episcopi
499 3171 679 3232 Redonensis
704 3171 837 3250 Epistola
864 3172 900 3231 ad
930 3173 1135 3234 Hildebertum

184 3273 431 3328 Cenomaneusem
446 3269 634 3349 Episcopum.
1177 3291 1236 3348 430

143 3367 315 3426 Surenam
327 3367 449 3424 Comitis
463 3364 650 3424 Carnutensis
664 3363 798 3443 Epistola
811 3365 847 3424 ad
861 3365 985 3426 Adelam
1001 3387 1130 3426 uxorem.
1165 3369 1236 3428 ibid.

143 3463 279 3522 Unsaur
295 3463 390 3522 ΡΜ
405 3463 447 3522 Il.
463 3461 597 3544 Epistola
616 3461 653 3520 ad
667 3461 909 3544 Archiepiscopos
929 3475 959 3522 et
977 3463 1138 3544 Episcopos

184 3561 325 3620 Francia.
1177 3581 1234 3638 43²

141 3657 298 3716 Austrum
319 3675 360 3716 nrt
377 3657 605 3716 Rrsonnsouus
629 3654 763 3736 Epistola
786 3655 823 3715 ad
847 3659 1010 3717 Manassem
1032 3658 1138 3716 Archi.

184 3754 351 3832 episcopum
367 3753 548 3813 lismensem.
1169 3755 1237 3814 ibid.

507 3913 539 3978 S.
559 3912 703 3976 Austrum
726 3911 881 3998 Epistolae

141 4051 168 4110 l.
198 4049 333 4130 Epistola
358 4051 382 4110 1.
411 4052 447 4111 ad
476 4051 669 4110 lanfrancum
699 4051 956 4132 Archiepiscopum
986 4055 1138 4114 Cantuari·

185 4167 292 4207 mem·
1177 4171 1235 4229 433

140 4247 187 4306 11.
207 4246 245 4306 ad
260 4246 435 4308 Richardum
451 4249 627 4308 Monachum
643 4247 827 4308 Beccensem.
1166 4251 1237 4311 ibid.

142 4343 205 4406 111.
220 4343 257 4402 ad
271 4343 443 4413 Roberttrm
459 4347 531 4426 Scyt
546 4356 576 4404 et
591 4345 674 4404 Edit.
1167 4347 1237 4407 ibid.

141 4442 202 4504 1v.
217 4441 255 4501 sd
271 4444 428 4524 lingonens
443 4444 632 4518 Monachum.
1176 4465 1237 4523 434

295 4690 302 4702 1
