3172 5108
337 384 401 454 192
628 375 791 442 anthedii
805 375 989 442 Bibliotheca
1005 377 1147 440 Putrem.

338 554 396 614 cst.
442 543 638 610 Parisionses
657 549 766 608 autem
781 543 1012 608 Bibliothecam
1027 541 1260 606 coloniensium
1282 541 1443 626 magnitu-

338 649 443 712 dinem
457 670 523 712 suae
543 646 696 711 excedere
715 645 925 732 indignantes,
941 643 1074 708 editioni
1093 642 1301 708 Bibliothecae
1316 643 1444 730 Bignae-

337 771 408 814 anne
433 759 560 834 poeno,
586 769 656 834 quae
682 769 766 812 anno
790 746 1059 810 nncxx1v.t0mis
1083 747 1191 809 decem
1212 746 1444 831 comprehensa

337 851 465 937 prodiit,
489 851 698 914 Aootooriom
723 839 1002 926 arroteritae,
1023 869 1121 932 opera
1144 849 1312 912 Frontone
1330 849 1443 912 Daca-i

336 955 518 1028 conflatum,
535 955 769 1039 adjunxerunt:
794 961 892 1038 atque
910 974 994 1016 anno
1016 974 1194 1014 nncxxxrx.
1210 951 1298 1016 aliud
1314 951 1441 1038 Supple

337 1066 466 1120 motum
492 1056 644 1120 Latinum
673 1057 795 1120 duobus
824 1055 920 1119 tomis
945 1053 1206 1138 comprehensum
1235 1053 1440 1118 addidenmt.

339 1159 449 1223 Editio
471 1159 578 1244 quinto
601 1158 808 1223 Bibliothecae
832 1156 1021 1220 parisiensis
1041 1178 1111 1240 quae
1133 1177 1217 1219 anno
1240 1179 1439 1218 uncxxxxrr.

337 1258 439 1323 lucem
464 1257 619 1342 adspexit,
644 1280 721 1320 xvn.
747 1256 844 1320 tomis
869 1261 1005 1333 constat,
1028 1263 1062 1318 et
1089 1261 1237 1338 quartam
1256 1253 1440 1338 Bignaeanae

337 1361 544 1426 Bibliotheca
558 1359 738 1436 editionem,
757 1357 928 1422 Frontonis
943 1357 1053 1421 Ducaei
1069 1357 1290 1435 Auctuarium,
1306 1379 1344 1420 ac
1361 1357 1441 1440 Sup-

337 1464 530 1549 plcmentum
549 1483 633 1526 anno
656 1484 831 1524 nncxxxrx.
852 1461 1016 1546 vulgatum
1036 1458 1282 1543 comprehendit.
1329 1457 1440 1521 Editio

336 1575 418 1630 eccm
440 1587 510 1650 quae
532 1564 808 1629 annosissimis
830 1564 932 1627 lucem
953 1561 1082 1647 prodiit,
1098 1561 1176 1624 nihil
1199 1567 1249 1624 est
1271 1561 1334 1624 nisi
1356 1562 1440 1625 idem

337 1669 417 1733 liber
438 1669 553 1732 iterum
576 1667 662 1752 typis
685 1689 827 1731 excusus.
873 1666 1003 1730 luteres
1023 1671 1132 1728 antem
1145 1663 1334 1727 Froooiecns
1357 1665 1441 1728 Gorn-

337 1768 412 1852 befia,
428 1769 476 1832 vir
497 1769 537 1833 de
559 1768 710 1833 studiosis
726 1769 909 1832 Graecomm
932 1767 1122 1851 scriptorum
1143 1764 1439 1828 Ecclesiasticornm

337 1871 456 1956 optime
477 1870 619 1948 meritus,
641 1871 800 1934 Groecolot.
816 1871 952 1934 Patrem
974 1868 1163 1932 Bibliothecae
1184 1869 1306 1931 Notum
1322 1871 1440 1932 Aucto-

337 1973 420 2036 mem
434 1972 467 2035 in
481 1973 561 2036 duos
570 1981 674 2036 tomos
686 1973 892 2037 distributum
902 1971 1034 2036 Parisiis
1047 1993 1131 2036 anno
1144 1994 1314 2034 uncxrvnr.
1327 1971 1439 2036 edidit.

339 2073 429 2138 Idem
453 2072 644 2138 Bibliotheca
668 2077 842 2138 Groecorocm
867 2075 1003 2137 Patrem
1024 2074 1208 2138 Auctarium
1229 2073 1440 2136 Novissima

338 2177 370 2240 in
390 2177 470 2241 duas
494 2177 610 2242 Partes
634 2176 767 2240 divisum
791 2176 922 2241 Parisiis
944 2197 1028 2240 anno
1043 2198 1202 2239 uncrmxn.
1222 2175 1341 2259 publici
1358 2175 1440 2259 juris

337 2279 421 2344 fecit.
466 2279 530 2343 Sed
545 2277 734 2343 Bibliotheca
748 2279 883 2341 Parnon
898 2277 1109 2362 hopdtotcnsis
1127 2299 1198 2362 quae
1219 2299 1305 2341 anno
1320 2275 1440 2341 Christi

338 2403 518 2446 nncnxxvn.
546 2381 580 2444 in
600 2387 705 2444 tomos
727 2403 827 2444 xxvn.
852 2379 1024 2443 distributa
1048 2379 1175 2464 prodiit,
1201 2380 1350 2444 omnibus
1371 2379 1441 2464 jam

338 2483 522 2548 memoratis
536 2481 674 2568 palmam
696 2481 868 2566 praeripuit.
916 2481 996 2545 Haec
1016 2481 1099 2545 enim
1112 2483 1260 2547 Muciano
1274 2483 1349 2567 jure
1364 2481 1440 2546 dici-

338 2594 401 2666 tur,
418 2593 451 2651 et
466 2585 636 2670 scriptores
650 2585 716 2648 sere
734 2605 843 2647 omues
862 2584 948 2670 apud
967 2583 1088 2669 priores
1109 2585 1264 2648 editiones
1283 2585 1438 2663 inventos,

338 2696 372 2753 et
391 2689 508 2753 multos
526 2688 605 2752 elios
624 2687 762 2772 undique
777 2687 934 2764 collectos,
952 2688 1023 2771 (sed
1040 2687 1154 2752 Latine
1168 2688 1312 2770 tantum)
1330 2689 1440 2752 ordine

338 2791 524 2856 saecrrlorum
546 2789 716 2875 dispositos
742 2788 879 2854 exhibet.
934 2787 985 2852 De
1006 2787 1055 2852 his
1077 2791 1222 2854 omnibus
1243 2791 1283 2855 cl.
1309 2791 1439 2877 Ittigius

339 2895 372 2957 in
391 2916 449 2958 suo
471 2894 627 2958 Tractatu
650 2891 785 2955 disserit.
831 2890 923 2954 Nunc
943 2890 1042 2976 igitur
1060 2893 1102 2956 ad
1117 2891 1351 2957 Bibliothecam
1366 2893 1440 2957 Gal-

339 2996 520 3062 lnndienam
545 2997 586 3060 de
612 3017 675 3080 qua
700 2993 786 3078 loqui
816 3014 983 3078 coeperam,
1010 3015 1061 3058 me
1086 2995 1212 3080 recipio.
1268 2994 1440 3080 Inscriptio

338 3099 414 3164 tulis
428 3107 494 3164 eet:

340 3243 563 3315 Bibliotheca
580 3243 757 3314 Veterum
784 3243 930 3313 Patmm
947 3243 1260 3338 Antiquommque
1281 3245 1438 3338 Scripto-

415 3385 492 3432 rum
517 3361 853 3443 Ecclesiasticomm,
871 3368 1050 3452 postrema
1075 3360 1306 3454 Lugdunensi
1333 3361 1437 3455 longe

414 3479 622 3572 locupletior
646 3487 754 3570 atquc
779 3478 983 3548 accuratior.
1036 3475 1130 3546 Cura
1155 3487 1193 3546 et
1218 3478 1338 3548 studio
1363 3477 1438 3547 An-

415 3595 509 3662 dreae
528 3593 705 3664 Gallandii
733 3591 932 3684 Presbyteri
958 3590 1249 3684 Congrugationis
1271 3591 1437 3663 Oratorii.

415 3707 578 3779 Venetiis
611 3727 835 3779 cmmccuxv.
907 3707 963 3776 Ex
1006 3707 1250 3800 Typographia
1290 3707 1437 3779 Joannis

415 3823 588 3916 Baptistae
606 3822 752 3892 Albritii
779 3823 926 3893 Hieron.
946 3821 1012 3892 Fil.
1056 3821 1149 3892 Cum
1167 3822 1301 3894 Veneti
1330 3823 1438 3896 Sena-

344 4001 349 4012 .
414 3947 473 4010 tus
491 3937 689 4032 Privilegio.

785 4076 941 4142 TOMUS
965 4077 990 4139 l.

340 4192 373 4250 S.
384 4192 576 4250 Cususnrrs
586 4190 710 4248 Romani
726 4190 867 4268 Epistolae
879 4191 921 4249 11.
936 4189 973 4248 ad
984 4190 1159 4256 Corinthios,
1172 4191 1210 4249 A.
1219 4193 1253 4250 C.
1263 4193 1313 4252 68.
1337 4193 1407 4272 Pag.
1422 4212 1433 4250 1

724 4287 867 4366 Epistola
877 4288 919 4346 11.
935 4287 972 4346 ad
987 4287 1131 4364 Virgines.
1367 4289 1435 4350 ibid.

724 4381 898 4460 Fragmenta
911 4381 1110 4462 Epistularum
1125 4381 1162 4440 ad
1176 4382 1310 4441 Corinth.
1398 4401 1436 4456 44
