3184 5114
337 401 401 468 156
587 401 726 468 Koilorii
740 402 892 468 Analecta
906 404 1176 469 mammona».

338 639 405 715 (13)
423 639 517 698 Breve
532 637 697 698 chronicon
712 638 828 716 Regum
845 637 1032 705 Francorum,
1044 657 1061 696 a
1071 637 1117 696 cl.
1129 638 1295 698 Muratorio
1305 639 1336 697 in
1379 574 1441 637 Pas.

376 735 542 794 Annalibus
556 733 917 794 FrancicisLambecianis
930 735 1078 794 omissum.
1199 797 1208 806 ,
1379 739 1442 795 600

338 835 406 910 (14)
431 831 603 912 Aaronom&
626 831 732 890 Carolo
760 831 806 889 M.
833 831 1008 912 Syuchroni,
1034 831 1081 890 vel
1107 843 1142 890 ut
1164 832 1338 892 Lambecius

376 930 513 1008 opinatus
547 940 601 998 est,
638 929 836 996 nonnum,
873 928 1013 1007 Epitome
1055 928 1267 1008 chronologica
1301 931 1338 988 ab

377 1026 493 1086 Adamo
507 1046 599 1104 usque
613 1025 650 1084 ad
663 1027 779 1084 Annum
795 1025 903 1084 Christi
921 1043 1053 1084 roccorx.
1300 1023 1304 1030 ’
1379 1028 1439 1085 602

338 1123 408 1202 (15)
424 1122 570 1182 Aucotnr
585 1121 737 1181 Poematia
757 1122 825 1190 duo,
838 1141 930 1180 unum
953 1122 1161 1188 hexametrum,
1176 1122 1336 1200 elegiacum

377 1223 513 1290 altarum,
528 1221 724 1280 vetustissimo
739 1240 884 1279 sacrorum
899 1219 1062 1278 Bibliorum
1077 1219 1170 1278 codici
1185 1233 1337 1298 praetexta.
1379 1226 1439 1298 617

340 1319 406 1390 (16)
424 1317 572 1394 Excerpta
586 1314 717 1392 quadam
732 1313 770 1372 ad
783 1314 884 1373 Vitam
900 1314 930 1372 S.
947 1308 1069 1372 Vadasti
1085 1315 1273 1392 pertinentia.
1379 1317 1439 1392 633

339 1411 639 1489 (17)Ex0rrn1u1
666 1411 1005 1470 Wnsesanaononnsrs
1030 1410 1178 1468 volumine
1201 1411 1337 1491 Evange.

378 1509 483 1567 liorum
499 1509 654 1586 Excerpta.
1379 1511 1438 1585 643

339 1607 387 1665 Ex
403 1605 536 1664 Historia
549 1603 705 1664 Austriaca
727 1604 874 1664 Henaton
895 1605 1145 1663 Gonnuurtnon
1167 1607 1235 1664 Pars
1249 1607 1338 1665 tertia

378 1723 444 1762 cum
459 1701 630 1780 Appendice
645 1701 681 1760 de
696 1701 884 1761 successione
899 1702 1047 1760 Comitum
1063 1702 1286 1761 Teriolensium.
1382 1722 1438 1780 727

339 1798 467 1859 Illustris
499 1799 564 1857 Viri
590 1799 639 1857 J0.
664 1799 777 1857 Jaooat
803 1799 953 1858 Fuoaunr
981 1797 1135 1878 descriptio
1163 1799 1339 1860 Germanica

378 1895 470 1975 praelii
499 1895 697 1964 Granseensis,
724 1917 740 1954 a
764 1896 921 1955 Lambecio
947 1897 978 1954 in
1006 1897 1146 1954 Latinum
1175 1917 1337 1958 sermonem

379 2013 524 2061 conversa,
548 1993 577 2049 in
600 2013 658 2070 qua
681 1991 715 2050 fit
741 1992 861 2051 celebris
889 1994 999 2052 mentio
1027 1993 1214 2052 Cimeliorum
1239 1995 1337 2053 Caroli

381 2089 534 2167 Pugnacis,
551 2089 644 2147 Ducis
658 2088 848 2166 Burgundios.
1380 2097 1435 2170 825

339 2187 463 2245 Vetusta
478 2187 672 2244 Monumenta
684 2186 723 2244 V.
738 2185 775 2244 ad
791 2186 950 2245 Historiam
966 2187 1145 2246 celeberrimi
1159 2189 1189 2246 in
1201 2191 1336 2249 inferiori

379 2283 502 2341 Austris
517 2282 694 2341 Mellicensis
709 2283 824 2342 coenobii
835 2284 873 2342 O.
887 2283 919 2343 S.
935 2283 970 2341 Β.
985 2287 1171 2361 pertinentia,
1185 2287 1336 2347 videlicet:

380 2379 406 2436 Ι.
443 2380 575 2437 Historia
613 2379 751 2458 Martyrii
785 2391 815 2439 et
850 2381 1055 2440 miraculorum
1093 2383 1124 2441 S.
1155 2384 1338 2444 Colomauni.

382 2476 453 2556 Pag.
478 2479 543 2553 843.
587 2477 631 2535 II.
654 2477 786 2535 Historia
810 2475 847 2536 de
872 2477 965 2536 Beato
987 2479 1156 2538 Guthalmo.
1181 2483 1247 2558 Pag.
1269 2482 1338 2557 856.

381 2573 442 2632 111.
459 2573 590 2632 Historia
604 2574 640 2632 de
654 2573 795 2652 particula
810 2575 841 2633 S.
857 2575 970 2644 Crucis,
984 2596 1048 2653 quaa
1068 2579 1098 2634 iu
1113 2579 1244 2636 coeuobio
1259 2577 1338 2636 Mel·

380 2671 480 2730 liceusi
504 2671 680 2729 adservatur.
709 2670 780 2748 Peg.
797 2672 864 2730 860.
906 2671 963 2730 IV.
988 2673 1119 2730 Historia
1144 2673 1340 2732 Fundationis

383 2767 506 2826 coenobii
522 2767 708 2826 Mellicensis.
723 2768 790 2846 Pag.
804 2768 873 2843 871.
905 2767 945 2827 V.
957 2768 1115 2848 Epitaphia
1129 2769 1336 2828 Marchionum

381 2876 411 2924 et
434 2865 718 2930 Marchionissarum,
737 2883 860 2941 quorum
885 2885 949 2923 ossa
967 2864 997 2922 in
1017 2867 1150 2925 coenobio
1171 2865 1338 2925 Mellicensi

381 2965 544 3041 quiescunt.

342 3061 546 3118 Tnaoooaror
562 3059 731 3118 Tnoarnor
755 3059 791 3118 de
811 3061 881 3128 vita,
903 3072 1006 3130 morte,
1023 3061 1169 3120 miraculis
1192 3061 1224 3120 S.
1241 3061 1339 3120 Elisa.

381 3158 484 3224 bethar,
500 3155 626 3215 Andreae
648 3157 691 3214 11.
714 3155 875 3234 Hunguriae
900 3158 989 3235 Regis
1016 3157 1089 3226 filiae,
1113 3159 1254 3217 Ludovici
1278 3159 1337 3225 Pii,

382 3254 552 3332 Thuringiae
566 3265 596 3312 ct
612 3254 724 3313 Hassiae
738 3254 924 3332 Landgravii,
940 3256 1088 3333 Conjugis,
1104 3255 1273 3334 Appendix.

343 3353 477 3412 Vetusta
508 3353 667 3418 Memoriae,
696 3351 845 3410 historiam
881 3351 1045 3411 monasterii
1074 3351 1273 3412 Cluniocenar's
1307 3353 1340 3409 iu

384 3449 487 3518 Gallia,
510 3460 540 3508 et
565 3448 775 3508 Gemblocensir
800 3449 830 3506 iu
855 3449 1022 3517 Brabantia‚
1045 3448 1235 3516 illustrantes,
1257 3449 1339 3508 vide-

383 3545 469 3605 licet:
493 3547 518 3604 1.
533 3545 669 3604 Officium
687 3545 923 3604 Ecclesiasticum
944 3547 974 3602 in
996 3547 1135 3604 honorem
1151 3547 1182 3604 S.
1200 3545 1339 3604 Morandi

383 3642 516 3700 monachi
531 3641 750 3712 Cluniacensis;
765 3641 812 3700 cui
826 3641 939 3699 intexta
953 3651 997 3700 est
1011 3641 1139 3718 ejusdem
1156 3641 1256 3700 Sancti
1271 3643 1338 3711 vitu,

384 3738 420 3796 ab
443 3759 581 3818 anonymo
601 3737 735 3815 quodam,
755 3749 794 3806 et,
814 3749 848 3822 ut
868 3738 992 3805 ridetur,
1011 3749 1156 3797 ooaetaneo
1175 3740 1291 3816 scripta,
1307 3740 1338 3798 iu

384 3833 523 3895 lectiones
536 3857 587 3896 sex
602 3836 702 3895 divisa.
724 3835 794 3913 Psg.
806 3836 873 3912 899.
916 3835 957 3894 11.
974 3835 1113 3894 Narratio
1128 3835 1340 3895 declaratione

384 3933 511 4010 corporis
540 3933 573 3993 S.
602 3933 748 3999 Guiberti,
781 3933 842 3991 sive
865 3931 1003 3998 wiberti,
1029 3932 1193 3992 fundatoris
1217 3935 1341 3993 coenobii

385 4029 609 4099 Gemblacensis,
625 4030 784 4108 composita
797 4051 814 4088 a
829 4031 1024 4098 Sronsanro,
1040 4031 1182 4088 monacho
1201 4030 1348 4090 Gembla·.

383 4125 479 4185 censi:
502 4127 548 4184 cui
570 4127 737 4205 junguntur
759 4127 916 4207 diplomata
938 4127 1007 4194 duo,
1030 4127 1151 4185 Ottcnis
1166 4127 1192 4185 1.
1215 4127 1341 4206 impet

375 4278 391 4307 ¹¹
404 4265 562 4316 Doctissimus
575 4265 744 4331 Pertzins(sp.
757 4267 869 4316 Monam.
911 4266 1016 4327 liamque
1037 4266 1156 4316 codicibus
1178 4283 1193 4314 a
1215 4282 1240 4316 se
1266 4266 1380 4327 evolutis,
1402 4270 1441 4316 sed

343 4333 459 4382 German.
473 4331 539 4380 Hist.
560 4329 631 4379 Tom.
653 4331 688 4378 ll.
706 4347 729 4392 p.
749 4331 817 4394 256.)
833 4332 869 4378 di·
911 4331 1007 4378 nonnisi
1019 4331 1110 4378 ultimis
1129 4341 1202 4380 sexta
1218 4333 1296 4380 utam
1312 4331 1384 4382 lineis
1399 4333 1441 4380 uli·

341 4399 375 4448 cit
393 4399 439 4446 hoc
456 4395 592 4444 Chronioon
617 4396 688 4444 breve
707 4395 818 4444 “haberi
843 4396 869 4442 in
911 4411 982 4458 quem
993 4395 1217 4446 historiaairuotum
1229 4396 1340 4446 auem?

343 4463 453 4526 piurimis
466 4477 508 4524 per
520 4461 683 4518 Germaniam,
698 4459 800 4520 Italiam,
813 4459 870 4508 Gal·
