3164 5104
351 388 394 455 74
708 385 856 452 Decimi
878 386 1083 473 Spies'lspiusu

350 639 488 699 Joanurs
515 637 607 698 Para
634 639 740 698 xx11.
775 639 910 719 Epistola
942 639 980 698 ad
1007 637 1146 698 Carolum
1174 637 1320 698 Comitem

391 736 542 796 Marohire.
1392 749 1450 810 709

352 829 491 914 Ejusdem
506 832 640 912 Epistola
653 832 690 892 ad
705 833 843 892 Saneium
860 829 970 910 Regem
986 832 1205 910 Majorioarum.
1378 829 1448 890 ibid.

352 929 532 988 Parnasus
545 931 582 986 V.
597 929 776 988 Francorum
798 929 864 988 Rex
878 927 1035 988 Albertnm
1056 929 1094 988 de
1115 929 1199 1009 Roye
1216 927 1350 988 Concilio

392 1025 553 1084 senonensi
567 1025 667 1086 adesse
676 1027 771 1106 jubet,
786 1025 872 1104 eique
885 1025 1021 1086 mandata
1034 1045 1087 1086 sua
1100 1025 1160 1085 dat.
1390 1041 1448 1098 710

351 1123 476 1182 Cannar
492 1123 548 1182 IV.
563 1123 742 1182 Franoorum
765 1123 855 1202 Regis
875 1121 1031 1182 Ordinatio
1054 1141 1108 1202 pro
1127 1121 1263 1202 expensis
1283 1121 1347 1180 Do·

391 1239 456 1279 mus
472 1219 600 1298 Reginae
1390 1237 1444 1296 71¹

352 1315 432 1376 Idem
450 1315 536 1394 jubet
551 1315 702 1394 Reliquias
716 1315 843 1396 Capellae
863 1335 924 1375 sose
939 1315 1111 1376 Paridensis
1131 1316 1266 1395 expensis
1285 1315 1348 1374 Do-

390 1433 456 1474 mus
467 1413 524 1472 Dei
538 1412 576 1472 sd
588 1433 620 1472 se
633 1413 750 1480 deferri,
760 1433 793 1472 ae
804 1411 897 1472 eidem
910 1413 1019 1471 Domm
1029 1412 1086 1472 Dei
1101 1411 1241 1472 nonnulla
1254 1411 1353 1472 donat.
1376 1414 1447 1474 ibid.

351 1507 432 1568 Idem
447 1509 630 1570 Ludovioum
644 1509 742 1570 Caroli
763 1510 886 1569 Comitis
900 1508 1026 1569 Valesius
1046 1509 1144 1589 patrui
1164 1509 1210 1569 sui
1230 1521 1348 1590 septen·

391 1626 458 1666 nem
473 1607 565 1666 lilium
580 1607 753 1687 emancipat
1377 1607 1447 1668 ibid

350 1703 465 1764 Jaoom
490 1703 661 1784 Aragonum
686 1703 777 1783 Regis
799 1703 935 1784 Epistola
955 1703 993 1764 ad
1014 1704 1150 1764 carolum
1172 1703 1229 1763 lv.
1253 1703 1348 1764 Fran·

391 1821 491 1860 oorum
507 1801 628 1882 Regem.
1390 1817 1447 1878 712

351 1897 475 1958 cmom
491 1899 752 1980 Regisresponsio.
1390 1915 1447 1975 713

352 1995 514 2056 Conoordia
541 1995 617 2056 inter
639 1995 782 2057 Jaeobum
807 1995 978 2077 Aragonum
1003 1997 1125 2078 Rogant,
1149 2005 1180 2058 et
1204 1997 1347 2058 Jaeobum

392 2093 503 2170 Regem
518 2093 736 2171 Majo'rioanrm.
1379 2095 1448 2156 ibid.

354 2189 445 2250 Curia
461 2189 639 2250 Posisienss's
653 2190 789 2260 declarat,
805 2189 916 2269 Regem
930 2192 960 2250 iu
975 2191 1174 2252 natationibus
1188 2192 1347 2252 canonia-

391 2295 476 2344 tuum
491 2285 631 2346 Ecclesia
644 2286 850 2348 Ambianenais
860 2288 910 2365 jus
925 2287 1078 2367 Regalium
1092 2309 1151 2347 non
1165 2289 1279 2348 babere.
1391 2291 1449 2366 716

352 2380 536 2441 Parnassus
561 2383 618 2443 Vl.
647 2383 825 2443 Eraneorum
857 2387 922 2444 Rex
952 2385 1113 2464 praeseribit
1141 2385 1347 2464 jusjurandum

392 2478 471 2556 quod
485 2491 621 2559 pratare
635 2479 741 2539 debent
756 2480 949 2541 'rebelliones
1378 2481 1449 2544 ibid.

353 2575 435 2634 Idem
460 2575 642 2636 Beruardum
670 2575 707 2636 de
734 2579 852 2637 Moreul
880 2578 1010 2638 Ersnoiu
1033 2578 1238 2640 Maresoallnm
1262 2580 1348 2657 jubet

392 2671 528 2750 dignitati
549 2693 609 2732 sure
629 2675 806 2744 renuntiare,
820 2686 854 2734 ut
874 2676 1090 2736 institutionem
1104 2697 1137 2736 ae
1150 2677 1280 2756 regimen
1293 2676 1348 2735 Io-

392 2769 476 2828 annis
489 2767 541 2827 filii
556 2770 601 2828 sui
616 2770 764 2850 suscipiat.
1378 2771 1448 2832 ibid.

352 2865 433 2926 Idem
447 2867 537 2927 Italos
553 2867 703 2948 Principes
721 2869 855 2928 hortatur
872 2877 907 2926 ut
922 2867 1082 2927 Romanam
1097 2867 1258 2928 Eoulesiam
1280 2889 1348 2949 pro·

392 2975 533 3042 pugnent,
549 2975 579 3024 et
593 2965 744 3024 haeretioos
757 2985 857 3024 reeens
872 2965 1010 3024 exhortes
1023 2976 1245 3044 persequantur.
1390 2982 1446 3042 717

353 3061 433 3119 Idem
447 3061 555 3120 Joanni
576 3061 637 3119 filio
658 3081 711 3120 suo
731 3062 926 3141 primogenito
946 3061 1137 3142 emancipato,
1152 3063 1265 3122 eonfert
1282 3063 1347 3122 Du-

392 3167 489 3216 cstum
517 3157 717 3227 Normannioe,
738 3169 769 3216 et
797 3158 963 3218 Comitatus
989 3157 1169 3237 Andegavise
1198 3169 1230 3218 et
1252 3159 1347 3218 Ceno-

391 3253 505 3314 manis).
1377 3256 1447 3316 ibid.

351 3351 499 3411 Joasuas
526 3351 613 3411 Para
640 3349 749 3412 XXII.
777 3352 961 3415 Ludovioum
988 3352 1161 3414 Borbonesii
1188 3353 1303 3414 Duoem
1331 3375 1349 3414 a

388 3448 555 3525 juramento
568 3449 692 3528 quodam
707 3451 841 3510 absolvit.
1391 3453 1448 3528 718

352 3545 433 3605 Idem
447 3567 512 3606 oum
524 3547 635 3608 Jacobo
649 3548 685 3608 de
696 3548 845 3608 Borbonio
855 3547 998 3607 Ludoviei
1010 3547 1103 3608 Dueis
1116 3547 1176 3608 filio
1190 3549 1348 3628 dispensat,

392 3653 427 3701 ut
447 3645 663 3704 matrimonium
685 3645 715 3702 in
735 3645 824 3704 tertio
844 3645 1102 3724 oonasnguinitatis
1121 3643 1213 3723 gradu
1234 3656 1349 3706 eontra-

392 3739 461 3799 bere
474 3741 574 3820 possit.
1391 3761 1448 3823 719

351 3835 536 3896 Lunovreus
551 3839 703 3898 Bavaaus
717 3838 880 3918 Imperator
893 3839 1045 3898 Ludorioo
1062 3839 1171 3899 Comiti
1192 3839 1229 3898 de
1243 3840 1348 3900 Oetin-

391 3951 447 4010 gen
468 3945 642 4012 potestatem
663 3935 714 3994 dat
734 3935 855 4012 negocia
874 3934 1006 4013 quaedam
1027 3935 1171 3996 tractandi
1190 3957 1256 3996 oum
1271 3936 1369 3996 Hum-

391 4027 474 4088 berto
489 4029 608 4089 Delfiuo
623 4029 796 4091 Viennensi.
1380 4035 1446 4094 ibid.

344 4113 433 4184 'Idem
449 4125 615 4185 Humberto
629 4147 751 4206 regnum
767 4127 935 4188 Viennense
948 4127 1071 4188 confert.
1380 4132 1446 4191 ibid

349 4219 479 4282 Joasss
502 4223 652 4282 renuntiat
673 4224 757 4282 bonis
780 4224 936 4284 mobilibus
955 4245 989 4286 ae
1010 4225 1117 4286 debitis
1135 4227 1265 4308 Philippi
1283 4227 1347 4288 Na-

391 4339 481 4378 rarrae
496 4319 587 4398 Regis
600 4320 696 4379 mariti
710 4320 767 4389 sui,
782 4341 876 4401 nuper
889 4323 951 4381 lato
965 4323 1070 4382 limati.
1390 4343 1443 4400 7²¹

351 4414 545 4476 Cannensis
560 4417 648 4497 Papa
663 4416 720 4476 VI.
736 4417 879 4498 Epistola
894 4419 1033 4478 xxxll.
1391 4439 1447 4498 7²²
