3164 5104
353 368 396 434 68
710 369 859 434 Daodott'i
880 367 1086 454 Specilapiam

355 619 519 678 murum
550 617 688 696 Episcopi
717 617 923 677 Noviomensis
945 616 1152 678 Ordinationes
1180 637 1233 696 pro
1254 616 1352 676 Nosa-

394 715 487 774 comio
501 714 630 791 ejusdem
646 713 736 772 urbis.
1395 713 1453 788 584

353 811 492 892 ejusden
514 810 658 889 Prologus
678 810 715 868 ad
736 809 880 889 Regulam
904 811 1043 870 fratribus
1066 831 1099 870 ac
1123 810 1269 870 sororibus
1288 809 1354 886 ejus

394 908 562 967 Nosocomii
577 907 683 966 datam.
1382 903 1450 964 ibid

353 1005 523 1064 Honorius
538 1003 626 1061 Pare
640 1004 701 1063 111.
716 1024 779 1063 eam
796 1004 938 1083 Regulam
953 1007 1103 1084 approbat.
1393 1003 1448 1079 585

353 1101 522 1160 Noaooomii
536 1099 736 1158 fundationem
751 1101 891 1180 approbat
905 1101 1084 1160 Gnnsnnus
1099 1101 1274 1180 Episcopus.
1382 1099 1450 1158 ibid.

351 1199 388 1257 In
401 1198 502 1257 οοάοω
517 1197 694 1256 Noaooomio
709 1197 898 1277 Presbyteros
912 1217 963 1257 sex
977 1197 1083 1278 degere
1093 1199 1179 1276 jubet
1193 1197 1351 1255 Wrutsa·

393 1313 456 1353 rsus
470 1294 644 1374 Episcopus.
1381 1291 1449 1352 ibid.

352 1390 534 1450 Pururrrua
564 1389 606 1447 11.
634 1389 716 1449 litem
744 1389 855 1449 dirimit
882 1391 958 1450 inter
987 1391 1146 1451 Blanoham
1175 1391 1350 1450 Trecensenr

392 1488 586 1554 comitissam,
601 1497 632 1546 et
646 1485 792 1545 Erardum
807 1487 844 1546 de
859 1488 965 1547 Brenn.
1380 1486 1448 1546 ibid.

352 1587 428 1646 Cam
442 1585 543 1646 eodem
558 1584 654 1644 foedns
669 1583 789 1644 Roberti
805 1585 1026 1666 Archiepisoopi
1041 1585 1273 1663 Rotomagansia.
1392 1585 1449 1660 586

351 1683 446 1761 Leges
466 1681 545 1761 pacis
566 1681 646 1740 inita*
667 1680 744 1739 inter
759 1681 920 1740 Heurioum
936 1682 995 1741 111.
1011 1680 1174 1760 Anglorum
1190 1682 1300 1759 Regem
1315 1701 1349 1740 ac
1568 1741 1569 1754 2

390 1777 574 1838 Ludovicum
590 1777 719 1857 Philippi
734 1777 864 1855 Augusti
879 1777 1058 1838 Francorum
1074 1779 1164 1858 Regia
1177 1779 1279 1838 filium.
1377 1774 1447 1834 ibid.
1568 1793 1569 1842 l

351 1874 502 1934 Numanus
518 1874 630 1932 Senon
645 1873 765 1932 Domini
780 1873 956 1934 Ruscinonis
971 1875 1110 1934 Edictum
1131 1895 1185 1953 pro
1206 1895 1275 1955 paee
1295 1893 1347 1933 scu

391 1981 495 2049 treuga
509 1969 657 2030 servanda.
1391 1969 1446 2045 587

351 2065 504 2126 Parmani
519 2067 562 2126 11.
578 2067 754 2126 Francorum
770 2067 861 2147 Regis
875 2069 1056 2128 constitutio
1069 2069 1106 2128 de
1119 2069 1140 2127 J
1142 2068 1240 2128 udaia.
1389 2069 1448 2144 589

350 2159 527 2220 Evnaanua
542 2161 708 2242 Episcopus
722 2161 927 2223 Ambianensis
941 2174 1112 2244 personatus
1126 2175 1185 2224 tres
1196 2165 1228 2222 in
1242 2163 1346 2223 Eccle-

391 2257 433 2316 sia
457 2258 648 2318 Ambianensi
671 2257 762 2326 addit,
786 2271 817 2319 ct
841 2279 940 2320 eornm
964 2260 1077 2320 reditus
1098 2281 1131 2320 ac
1151 2261 1251 2320 munia
1271 2279 1347 2341 praa·

389 2356 498 2416 scribit.
1378 2355 1447 2415 ibid.

349 2453 462 2512 Jacoar
478 2473 518 2512 ns
528 2453 687 2513 Vruaraoo
702 2453 841 2532 Episcopi
856 2455 1029 2513 Acconansis
1045 2453 1178 2534 Epistola
1191 2454 1229 2514 ad
1241 2454 1345 2512 Hono·

389 2551 464 2610 rium
481 2550 590 2630 Papam
605 2549 665 2609 111.
1389 2569 1447 2627 59ο

348 2647 486 2727 Capitale
510 2646 546 2706 da
570 2647 837 2726 Interceptionibus
858 2647 1036 2706 Clerioorum
1064 2647 1201 2708 advamus
1224 2648 1344 2706 Domini

389 2743 740 2823 chisJurisdictionem.
1388 2761 1444 2820 593

347 2841 567 2900 Testamentum
584 2841 725 2900 Henaton
740 2839 863 2900 Comitis
877 2840 1063 2900 Rutenensia.
1377 2841 1446 2900 ibid.

347 2939 462 3000 Deconi
489 2946 516 2998 el
544 2938 674 3018 Capituli
701 2938 876 2997 Turonensis
901 2937 1035 3017 Epistola
1062 2938 1099 2996 ad
1124 2939 1244 2997 Petram
1271 2939 1345 3017 Epi.

385 3057 504 3116 scopum
520 3035 733 3094 Redonensem.
1386 3054 1445 3113 594

346 3135 471 3192 Pontius
481 3133 651 3192 Vioeoornes
666 3131 852 3191 Podemniaci
872 3133 1088 3191 matrimonium
1110 3135 1255 3194 contrabit
1276 3153 1344 3194 cunr

385 3229 523 3289 Adelnide
538 3227 597 3286 lilia
611 3228 745 3286 Garnerii
760 3227 797 3286 de
812 3229 982 3306 Triangulo.
1374 3230 1443 3290 ibid.

342 3327 439 3403 Leges
454 3323 634 3382 Communia
648 3322 797 3402 Crispiaoi.
1385 3347 1441 3404 595

343 3420 553 3478 Jnusnnnnsn
567 3417 603 3477 de
615 3417 799 3478 Medullinae
813 3419 909 3489 vidua,
924 3421 988 3481 Deo
1002 3443 1033 3482 se
1047 3423 1141 3494 offert,
1154 3445 1187 3483 ac
1200 3425 1342 3484 nonnulla

384 3517 473 3576 donat
487 3515 666 3574 Monasterio
681 3515 712 3573 S.
722 3515 858 3576 Andreae.
1385 3523 1443 3599 596

343 3613 483 3673 Jaoonus
502 3611 673 3689 Aragonnm
697 3611 761 3670 Rex
785 3624 902 3690 pactum
925 3616 980 3674 init
1005 3637 1070 3676 cum
1092 3619 1204 3696 aliquot
1226 3619 1341 3678 Princi-

383 3710 470 3788 pibus
496 3708 576 3775 viris,
600 3707 637 3766 ad
664 3707 773 3766 bellum
803 3708 953 3770 Saracenis
980 3713 1010 3770 in
1036 3715 1144 3774 Insulis
1170 3715 1341 3774 Balearibus

383 3804 576 3864 inferendum.
1385 3831 1442 3890 597

342 3900 478 3980 Ejusdem
494 3899 634 3959 Edictum
649 3921 702 3980 pro
713 3921 784 3979 pace
798 3915 828 3961 et
843 3914 945 3983 treuga
961 3908 1109 3967 servanda.
1383 3911 1442 3986 598

340 3997 523 4056 Dunnunus
538 3997 702 4075 Episwpus
716 3997 927 4060 Cabillonansis
947 4002 1029 4062 litem
1044 4004 1155 4064 dirimit
1174 4007 1251 4065 inter
1265 4007 1339 4082 Epi.

382 4112 502 4173 scopum
524 4091 750 4170 Lingonensem,
773 4105 804 4153 et
828 4096 972 4158 Comitem
993 4099 1206 4162 Nivernensem
1227 4123 1260 4161 ao
1280 4103 1338 4160 Fo-

381 4209 504 4259 renmm,
520 4187 556 4248 de
570 4189 732 4267 prebendis
747 4189 1027 4256 Tornodorensibus.
1382 4202 1442 4259 600

340 4287 442 4346 Litera
466 4284 663 4344 macciationis
683 4284 857 4346 Monasterii
881 4289 919 4348 B.
933 4289 1056 4352 Joannis
1077 4294 1108 4352 in
1129 4294 1204 4354 valle
1225 4295 1338 4354 Carnu·

381 4383 467 4453 tensi,
481 4400 548 4440 oum
564 4380 744 4441 Monaatcrio
759 4382 789 4442 S.
802 4383 940 4454 Quintini
955 4387 1148 4450 Belvaoensis.
1371 4394 1443 4453 ibid.
