3164 5104
512 377 667 443 Decimii·
682 379 890 466 Epioikps‘um

148 628 329 690 cuillelmua
341 629 379 689 66
394 629 490 690 Turre
503 641 534 690 et
549 630 707 691 cuillelma
720 633 937 692 matrimonium
951 633 1065 694 ineunt.

150 725 335 787 Donationea
355 739 475 808 propter
497 728 615 807 nuptias
637 729 721 788 factae
744 729 821 787 inter
840 729 961 788 Petrum
981 730 1152 808 Aragonum

193 823 314 904 Regem,
328 837 360 885 et
374 825 500 884 Mariam
515 825 667 884 cuillelmi
681 826 941 905 Montiapeasnlani
957 826 1055 885 filiam.
1181 829 1252 888 ibid.

150 921 251 980 Maris
264 921 434 1000 Aragonum
455 921 568 1000 Regina
588 921 910 1003 Montempessulanum
931 935 962 982 et
984 923 1040 982 alia
1060 935 1153 984 castra

194 1017 285 1076 Petro
298 1017 403 1076 marito
416 1017 515 1076 donat.
1194 1020 1254 1096 566

151 1113 262 1172 Petrus
277 1113 434 1192 Aragoniae
455 1113 521 1172 Rex
541 1112 674 1171 Sanciam
699 1111 787 1172 filiam
810 1113 977 1172 Raimundo
999 1114 1060 1173 lilio
1082 1114 1151 1174 Rei.

192 1210 297 1270 mundi
310 1211 457 1270 Narbona
472 1209 565 1270 Ducis
579 1221 704 1289 nuptum
719 1209 788 1269 dare
802 1212 934 1290 spondet.
1194 1215 1251 1291 567

150 1307 323 1366 86666666
337 1306 558 1387 Arcbiepiacopi
574 1306 791 1366 cantuariensis
806 1307 941 1386 Epistola
959 1309 996 1368 ad
1009 1310 1153 1370 Joannem

192 1404 358 1484 Anglorum
373 1405 494 1484 Regem.
1194 1409 1254 1484 568

148 1501 293 1560 Joartnrs
308 1501 399 1579 Regis
412 1501 449 1559 ad
464 1501 646 1580 Stephanum
660 1499 804 1580 Epistola.
1181 1503 1253 1564 ibid.

150 1597 260 1656 Sruou
274 1598 380 1658 comes
394 1598 593 1657 Montisfortis
607 1599 641 1656 c.
656 1598 709 1658 sol.
724 1599 934 1660 Anniversario
949 1599 1074 1660 Amicie
1092 1621 1150 1660 ma-

193 1695 248 1754 tris
261 1715 320 1754 sue
333 1695 493 1774 assignatos
506 1694 666 1754 confirmat.
1193 1698 1252 1775 569

149 1791 172 1850 J
175 1791 365 1869 usjurandum
385 1790 465 1869 quod
478 1791 685 1850 Noviomeasis
705 1791 845 1852 Ecclesia
859 1791 996 1853 Decanua
1017 1805 1153 1872 prestare

193 1887 291 1958 debet,
306 1908 372 1946 cum
388 1887 537 1968 recipitur.
1182 1891 1252 1951 ibid.

151 1985 310 2044 Pnrarnrr
336 1985 379 2043 11.
405 1983 583 2044 Francorum
613 1985 702 2064 Regis
729 1986 910 2045 constitutio
938 1987 974 2046 66
998 1987 1072 2047 Jure
1096 1988 1151 2047 Pa·

193 2092 327 2141 tronatus
340 2083 371 2140 in
386 2081 576 2140 Normannia.
1180 2085 1252 2144 ibid.

150 2179 293 2260 Ejusdem
307 2180 490 2240 constitutio
503 2180 539 2239 de
552 2179 639 2239 modo
653 2179 772 2240 tenendi
786 2180 875 2240 feuda
888 2181 990 2240 divisa.
1195 2200 1254 2259 570

150 2277 318 2336 chronicon
340 2277 554 2357 Episcoporum
575 2275 791 2354 Albigensium‚
806 2288 837 2336 et
851 2276 1000 2337 Abbatum
1016 2279 1152 2340 Castren-

192 2373 277 2433 sium.
1183 2375 1253 2435 ibid.

149 2471 172 2529 J
174 2491 228 2529 nra
241 2481 271 2530 et
286 2469 520 2530 consuetudines
534 2469 670 2530 civitatis
684 2467 895 2530 Atrebatensis.
1193 2489 1252 2549 576

151 2566 294 2627 Ecclesiae
315 2568 488 2626 carnutensi
509 2567 651 2626 nonnulla
672 2567 761 2626 donat
783 2567 980 2628 Scaeuinus
1001 2589 1044 2628 66
1067 2570 1153 2628 Paa-

151 2683 313 2822 1666110166
329 2762 431 2834 Vana,
446 2782 480 2822 aa
494 2762 629 2820 Tacitus
649 2761 713 2838 ejus
732 2761 868 2820 alumnus
888 2761 960 2820 diras
980 2762 1153 2822 Proebendas
1192 2681 1252 2742 ⁵⁷4

194 2858 321 2919 fundant
335 2860 365 2918 in
381 2859 512 2918 Ecclesia
527 2858 557 2918 S.
568 2859 703 2918 Matthaei
718 2857 754 2918 66
769 2857 918 2918 Foilliuco.
1182 2857 1252 2918 ibid.

151 2957 349 3014 Gurnnsunrr
365 2956 488 3014 Comitis
503 2955 710 3033 Forcalquerii,
725 2965 756 3014 et
776 2956 949 3032 Margaretae
970 2953 1034 3030 ejus
1055 2955 1153 3014 uxoris

194 3051 330 3132 Epistola
343 3052 380 3110 ad
396 3050 553 3110 Blaucham
569 3051 742 3110 Trecensem
759 3051 942 3109 comitissam
958 3048 1131 3108 Palatinam.
1194 3067 1251 3128 575

149 3147 474 3228 Montempessulanum
507 3145 667 3206 Guillelmo
701 3146 738 3205 de
769 3145 1030 3225 blontepessulano
1063 3145 1153 3206 donat

195 3245 329 3304 Panaca
347 3243 517 3323 Aragonum
538 3243 614 3302 Rex.
1181 3243 1252 3304 ibid.

151 3342 277 3400 Mearm
291 3341 460 3419 Aragonum
477 3340 598 3418 Reginae
613 3339 844 3398 Testamentum.
1194 3341 1254 3418 576

152 3437 353 3495 1666666616
370 3435 462 3494 Para
477 3435 537 3494 111.
556 3433 692 3514 Epistola
707 3434 750 3494 ll.
767 3434 805 3494 ad
818 3435 984 3516 Philippum
1000 3435 1043 3494 11.
1059 3435 1151 3496 Fran·

193 3533 429 3611 wmmReeem·
1194 3547 1253 3608 577

152 3631 310 3690 Parmam
326 3630 368 3688 ll.
383 3629 561 3688 Francorum
577 3628 667 3706 Regis
680 3628 745 3688 Lex
759 3628 796 3688 66
807 3628 1033 3707 crucesignatis.
1182 3628 1252 3687 ibid.

152 3727 334 3786 66666666
349 3727 471 3785 Amicus
484 3746 502 3784 a
516 3723 679 3783 Bertrando
694 3725 841 3804 Episcopo
855 3725 1046 3784 cavellicensi
1059 3725 1154 3784 moui.

193 3833 253 3891 tus,
268 3823 409 3882 nonnulla
422 3821 604 3881 Monasterio
619 3821 652 3880 S.
663 3821 789 3880 Andreas
804 3821 942 3881 restituit.
1195 3823 1254 3898 578

153 3919 354 3978 lermoennum
371 3920 463 3978 Pan
478 3917 539 3976 111.
553 3917 689 3996 Epistola
702 3917 739 3976 ad
752 3919 895 3977 loannem
912 3917 1076 3996 Anglorum
1092 3918 1152 3978 Re-

193 4037 272 4095 gem,
286 4036 344 4094 qua
357 4015 474 4094 Anglioe
487 4033 610 4092 regnum
623 4013 654 4071 in
669 4014 791 4074 seudum
806 4015 921 4095 recipit.
1182 4015 1253 4075 ibid.

150 4113 291 4172 Josuurs
316 4111 481 4190 Anglorum
510 4109 600 4190 Regis
625 4109 823 4172 ordinationes
850 4111 887 4170 ad
910 4110 1153 4192 tranquillitatem

195 4209 292 4290 Regni
307 4209 519 4268 stabiliendam.
1195 4226 1254 4286 579

152 4307 309 4368 Institutio
323 4307 443 4368 Ordinis
457 4303 757 4374 Vallis-Scholarium.
1195 4305 1252 4380 583

674 4421 694 4461 r
711 4421 726 4458 a
