3172 5108
338 409 485 475 Matrini
499 411 635 476 Paterno
651 411 826 475 Groemrum
843 408 1004 495 Opmmde.
1161 408 1224 470 213

117 589 291 649 Fasciculus
319 589 493 648 Latinorum
522 590 691 649 carminum
720 589 886 648 Vennum}
919 589 1126 657 Fonnursnrn-

160 689 266 746 Psnnr
300 687 454 755 Danaam,
488 687 660 747 Fusuorscr
695 687 909 757 Persuasus,
938 697 969 746 et
999 685 1122 744 aliorum

160 785 367 846 recentiorum,
1081 782 1220 860 Pag.417

586 1034 754 1108 XXXV.

162 1233 391 1301 Oollectionem
412 1233 515 1298 habeo
536 1233 684 1319 exiguam
701 1253 722 1297 a
741 1230 809 1296 viro
830 1228 1014 1294 doctissimo
1035 1225 1224 1292 Ouarsrrnno

119 1337 291 1400 Faroemco
303 1335 463 1400 Murrum
478 1335 624 1420 Mosqusc
639 1351 724 1400 anno
739 1355 913 1396 unocnxxvr
928 1331 962 1394 in
976 1331 1077 1396 lucem
1092 1331 1222 1410 editam,

117 1460 217 1524 quam
232 1439 360 1502 minime
375 1437 683 1523 praetermittendam
698 1435 855 1501 existimo.
900 1433 1025 1498 Titulus
1040 1439 1104 1510 est,-

117 1627 286 1720 Gregorii
313 1626 631 1698 Thessalonicensis
656 1625 706 1696 X.
738 1624 926 1696 Orationes
960 1645 1042 1692 cum
1076 1622 1222 1715 singulis

196 1741 344 1812 Joannis
387 1742 628 1835 Chrysostomi
671 1749 708 1811 ct
746 1737 989 1832 Amphilochii
1032 1737 1222 1807 leonensis.

197 1858 362 1930 Accessit
379 1883 519 1952 quoque
543 1859 797 1952 Fragmentum
815 1855 840 1926 J
841 1880 874 1928 o.
891 1855 1113 1926 Damasceni.
1165 1855 1223 1924 Ex

197 1976 353 2066 quinque
371 1975 560 2046 Codicibus
583 1974 836 2066 Manuscriptis
863 1973 1016 2064 primum
1043 1971 1155 2040 edidit
1182 1971 1221 2040 C.

198 2089 238 2159 F.
254 2089 419 2160 Matthaei
438 2090 688 2162 Universitatis
706 2089 874 2160 Caesareae
894 2087 1119 2178 Mcsquonsis
1138 2087 1223 2156 Pro-

197 2201 316 2272 fessor.
377 2201 551 2294 Impensis
581 2201 772 2273 Christiani
804 2202 974 2294 Rudigeri
1010 2198 1222 2291 Bibliopolae

197 2324 235 2386 et
253 2317 491 2388 Commissarii
510 2317 759 2389 Universitatis
786 2317 959 2388 Oaesareae
987 2314 1221 2406 Mosquensis.

196 2433 303 2527 Typis
318 2434 567 2505 Universitatis
581 2434 754 2506 Caesareae
767 2431 991 2525 Mosquensis
1009 2427 1220 2506 an1101776.

196 2549 242 2618 In
260 2555 338 2620 8vo.
618 2541 622 2550 ’

439 2669 477 2734 In
491 2671 551 2736 hoc
565 2671 670 2736 libello
685 2669 897 2748 inveniuntur,

117 2807 308 2865 Gesacum
336 2807 558 2888 Archiepiscopi
590 2807 854 2867 Thessalonicensis
886 2806 1041 2865 Orationes
1068 2805 1118 2864 de-

159 2925 234 2963 cem.
1121 2900 1213 2979 Paga

117 3004 148 3060 S.
158 3001 180 3059 J
182 3021 296 3060 onasus
307 3003 534 3062 Cnnrsosnour
544 3001 766 3082 Archiepiscopi
776 3001 929 3060 cpolitani
944 3000 1047 3059 Oratio
1056 3001 1081 3058 1.
1117 2999 1150 3056 P.
1164 2999 1220 3057 126

117 3099 349 3162 Auenruccnu
370 3101 510 3182 Episcopi
526 3101 685 3161 lconiensis
699 3101 802 3160 Oratio
816 3099 847 3156 in
862 3096 993 3156 Mediam
1011 3097 1117 3156 Panta-

159 3207 269 3255 oosten.
1164 3208 1174 3246 ι
1180 3207 1196 3264 3
1200 3210 1216 3266 5

118 3295 147 3351 S.
163 3292 302 3352 Josrsrus
318 3291 510 3350 Dnussonru
527 3292 735 3369 Fragmentum
750 3291 786 3350 de
800 3289 985 3349 immaculato
998 3307 1117 3367 corpore

159 3389 292 3456 Domini,
308 3391 392 3468 cujus
405 3389 560 3469 participes
574 3408 683 3448 sumus.
1082 3403 1173 3462 1534
1180 3385 1218 3461 58

171 3566 254 3631 Haeo
282 3566 389 3632 omnia
417 3567 529 3631 Graece
557 3573 684 3631 tantum
712 3567 869 3652 leguntur.
922 3564 972 3629 De
1002 3563 1155 3629 Oratione
1185 3562 1217 3626 S.

114 3669 239 3734 Joanni
271 3669 497 3754 (lhrysostomo
525 3669 684 3734 attributa
714 3672 791 3754 (Τοῦ
820 3670 853 3732 ἓν
879 3669 977 3748 ἁγίοις.
1002 3665 1113 3746 πατρὸς
1137 3665 1218 3742 ἡμῶν

112 3770 260 3836 horisono
280 3768 532 3854 Ἀρχιεπισκόπου
554 3771 899 3836 Κωνσταντινουπόλεως
921 3771 974 3831 τοῦ
1002 3767 1218 3849 Χρυσοστόμου

113 3875 221 3954 ὁμιλία
239 3875 282 3940 εἷς
303 3875 341 3936 τὸ
361 3875 450 3955 μυρία
470 3871 604 3937 τάλαντα
628 3874 675 3937 καὶ
700 3872 805 3936 ἑκατὸν
820 3871 951 3952 δηνάρια,
968 3871 1016 3934 καὶ
1030 3869 1098 3950 περὶ
1111 3872 1164 3931 τοῦ
1178 3867 1218 3946 μὴ

110 3973 323 4056 μνησικακεῖν)
348 3973 387 4038 cl.
410 3973 515 4039 editor
544 3975 638 4040 dicit:
672 3983 691 4010 ‘⁶
707 3974 757 4038 De
782 3972 927 4036 oratione
950 3971 1028 4056 ipsa,
1052 3977 1089 4034 ut
1113 3969 1217 4032 dicam

112 4076 202 4161 quod
223 4076 336 4155 sentio,
362 4075 487 4141 videtur
511 4097 550 4140 ea
573 4097 641 4142 esse
664 4075 827 4161 ejusmodi,
854 4095 925 4158 quae
947 4095 968 4138 a
992 4071 1217 4157 Ohrysostomo

142 4261 352 4324 ²Grsgoriuriste
360 4259 651 4324 Archiepiscopns'l'has·
683 4275 730 4323 que
756 4268 870 4310 sectatore
889 4257 1027 4321 Acindyno.
1068 4257 1132 4305 Satis
1148 4270 1216 4304 socri-

113 4326 278 4386 salonioonsis,
289 4328 329 4439 qui
342 4336 366 4375 et
379 4325 493 4374 Palamas
508 4325 650 4389 appellatur,
684 4335 735 4374 rate
745 4327 776 4374 ds
793 4341 821 4373 oo
837 4326 947 4386 exposuit
965 4321 1089 4372 Fabricius
1106 4322 1133 4368 in
1152 4319 1215 4368 Bihl.

113 4392 178 4439 vixit
198 4392 249 4440 Sec.
262 4391 287 4438 X
304 4393 335 4438 V.
355 4391 521 4453 imprimisque
537 4391 651 4439 inclamit
684 4391 727 4438 Gr.
742 4389 795 4438 Vol.
806 4389 838 4437 X.
856 4405 878 4452 p.
889 4403 937 4452 454
956 4405 1019 4450 seqq.

113 4471 158 4518 par
168 4457 356 4512 corrnovsrsiam
373 4471 429 4504 cum
447 4455 577 4504 Barlnamo
587 4457 650 4517 ejus-

710 4555 760 4610 1²3
