3192 5112
344 386 387 452 26
630 387 722 451 Pezii
747 386 915 450 Thesauros
938 387 1164 450 Anocdotormn.

349 589 529 646 Aristar-rm
554 587 692 667 Episcopi
714 587 786 646 Ord.
801 587 832 646 S.
844 587 882 647 B.
907 587 942 645 ml
965 587 1166 645 Nonsvindom
1190 587 1343 646 Reclusam

390 684 562 744 Admonitio
585 685 621 744 de
635 685 736 743 Laude
751 685 909 744 charitatis
930 705 981 742 seu
996 685 1085 742 Liber
1104 683 1140 743 de
1156 683 1263 742 Studio
1279 685 1345 742 Vir.

389 793 497 842 tutum.
885 839 887 844 ,

348 881 526 936 (ἷιικιιιιιιιι
542 879 648 938 veteris
663 877 805 957 'l'heologi
818 879 907 936 Liber
922 877 959 935 de
973 877 1128 935 Trinitate.

349 975 482 1034 Pnacrnr
500 973 712 1043 Nonnntulani,
728 975 827 1054 Epist.
843 974 931 1032 Liber
945 973 982 1032 de
998 973 1119 1031 Honore
1132 972 1282 1031 Ecclesiae.
1408 989 1444 1049 75

351 1072 540 1130 Hanrnrrrcr
566 1072 703 1130 Monachi
729 1070 980 1130 Sciret-callensis
1004 1071 1094 1128 Liber
1120 1069 1156 1128 de
1182 1071 1329 1148 computo

391 1165 604 1224 Ecclesiastico.
1392 1164 1445 1238 183

350 1263 507 1320 Gauuoar
532 1263 684 1340 Praepositi
711 1259 998 1339 Reicherspergensis
1026 1259 1115 1317 Liber
1142 1259 1180 1318 de
1209 1258 1344 1317 AEdificio

392 1361 449 1418 Dei
464 1379 515 1418 seu
529 1359 566 1418 de
580 1359 678 1417 studio
692 1369 722 1416 et
735 1377 804 1416 cura
818 1355 988 1434 Disciplinae
1003 1355 1223 1414 Ecclesiasticus.
1389 1375 1444 1432 275

351 1457 490 1536 Ejusdem
509 1455 651 1534 Dialogus
674 1455 710 1513 de
732 1453 895 1512 differentia
910 1451 1015 1510 Clerici
1031 1451 1185 1532 Regularis
1205 1463 1235 1510 et
1254 1451 1343 1510 Secu-

391 1555 458 1614 laris
471 1553 507 1612 ad
522 1552 726 1612 Innocentium
742 1551 784 1608 ll.
800 1551 834 1610 P.
845 1551 890 1609 M.
1386 1567 1446 1628 439

352 1650 468 1714 laomor
498 1655 658 1713 Coenobitoe
690 1651 867 1710 Emnreram.
889 1652 964 1710 circa
991 1672 1027 1710 an
1056 1669 1149 1708 uoxc.
1180 1647 1269 1708 Liber
1291 1651 1344 1708 IV.

390 1752 501 1822 Quaest.
516 1752 552 1810 de
567 1751 696 1816 Clericis,
708 1747 859 1807 Monachis
873 1759 903 1806 et
919 1746 1201 1806 sanctimonialibus.
1386 1761 1444 1822 507

351 1848 491 1928 Anonymi
507 1848 686 1907 Benediclini
700 1847 775 1905 circo
788 1845 916 1904 seculum
933 1845 1136 1904 duodecimum
1153 1843 1295 1922 Dialogus
1308 1844 1345 1903 de

392 1946 455 2003 Esu
469 1943 654 2004 Volatilium.
1386 1956 1443 2017 545

350 2043 514 2101 Jorrnmmrs
539 2062 581 2101 na
608 2043 708 2101 Sarna
733 2042 843 2100 Prioris
867 2039 1048 2098 lllellioensis
1068 2039 1145 2098 circs
1165 2055 1344 2097 ucoocxxx.

393 2140 547 2199 Tractatus
560 2139 597 2199 dc
612 2140 676 2199 Esu
690 2139 828 2198 carnium
843 2137 1056 2196 Monacborum
1072 2135 1261 2194 infirmorum.
1387 2137 1447 2213 569

351 2238 502 2315 Antiquos
515 2249 545 2296 et
559 2237 672 2316 amplos
687 2236 769 2294 Ordo
782 2234 897 2314 publice
912 2233 1125 2312 poenitentium.
1387 2233 1443 2289 611

351 2333 434 2392 Ordo
455 2334 587 2392 diffusior
607 2331 747 2412 probandi
764 2331 907 2390 Homines
926 2329 962 2388 de
977 2329 1106 2387 Crimine
1127 2337 1275 2408 suspectos
1295 2347 1346 2407 per

393 2431 499 2508 ignitos
514 2430 665 2496 Vomeres,
680 2431 733 2488 &c
1385 2427 1424 2500 63
1428 2445 1444 2502 5

785 2625 905 2688 PARS
938 2624 1007 2686 III.

352 2763 596 2842 supplementum
620 2763 760 2822 Historiae
785 2760 997 2820 Miraculorum
1023 2759 1055 2818 S.
1079 2759 1218 2818 Matthiae
1245 2759 1304 2838 Ap.

392 2860 523 2918 Auctore
540 2860 685 2940 Anonymo
699 2858 891 2917 Benedictino
905 2857 1081 2916 Trevirensi.
1431 2875 1442 2912 1

351 2957 429 3016 Acta
448 2959 480 3017 S.
493 2957 696 3036 christophori
719 2957 765 3014 M.
780 2975 864 3014 versu
877 2965 919 3020 ,et
940 2974 1024 3032 prosa
1046 2953 1193 3030 descripta
1214 2973 1231 3010 a
1249 2953 1346 3010 War..

393 3074 504 3114 nunno
519 3054 704 3126 Subdiacono
717 3052 858 3133 Spirensi,
872 3051 923 3128 qui
938 3050 1050 3108 Ottoue
1065 3048 1125 3106 111.
1141 3049 1216 3126 Imp.
1231 3047 1340 3106 floruit.
1410 3067 1447 3124 29

352 3151 438 3218 Acta,
452 3161 482 3209 et
496 3151 609 3228 integra
621 3151 761 3208 hactenus
780 3149 890 3208 inedita
905 3145 1051 3204 Miracula
1065 3145 1097 3204 S.
1109 3144 1270 3204 Herculani
1286 3145 1345 3224 Ep.

393 3245 526 3302 Perusini
541 3255 572 3303 et
587 3247 630 3302 M.
646 3257 763 3304 auctore
779 3246 923 3324 Anonymo
938 3242 1090 3301 Perusino.
1390 3257 1444 3316 125

354 3341 386 3399 S.
396 3341 558 3420 Liutbirgis
573 3341 705 3400 Rcclusae
724 3343 754 3400 in
769 3341 897 3400 Dioecesi
910 3337 1161 3400 Halberstadiensi
1177 3337 1274 3396 seculo
1288 3337 1346 3395 lx.

394 3435 466 3495 Vita
479 3449 597 3496 auctore
611 3438 766 3517 Anonymo.
1390 3451 1446 3509 147

358 3533 422 3591 Vita
439 3534 470 3592 S.
481 3533 591 3593 Altero
604 3535 743 3614 Archiep.
758 3534 945 3594 cassellensis
959 3533 990 3590 in
1006 3531 1169 3610 llybernia.
1393 3532 1443 3589 181

352 3629 456 3687 Ludus
472 3631 618 3690 Paschalis
642 3633 696 3691 sub
717 3631 867 3691 Friderico
890 3630 915 3688 l.
938 3631 1014 3708 lmp.
1036 3627 1072 3686 de
1094 3626 1235 3686 Adventu
1256 3626 1345 3686 Anti-

393 3727 492 3786 christi
507 3728 538 3785 in
552 3750 637 3788 scena
650 3729 806 3788 exhibitus.
1389 3725 1443 3798 187

355 3824 503 3883 Hnmnror
539 3825 744 3884 Archidiaconi
784 3824 935 3902 Salaburg.
971 3822 1106 3882 Historia
1140 3821 1346 3880 calamitatum

394 3921 533 3980 Ecclesia
560 3942 619 3980 sure
648 3923 702 3980 sub
730 3921 893 3981 Adelberto
919 3919 1057 3998 Archiep.
1086 3929 1117 3978 et
1146 3917 1295 3976 Friderico
1320 3916 1346 3975 l.

394 4017 470 4096 lur-
1390 4031 1446 4090 ¹99

352 4113 421 4171 Vita
448 4113 597 4172 Chunrsdi
626 4115 653 4173 1.
680 4113 818 4193 Archiep.
847 4113 992 4192 Salnburg
1019 4123 1137 4172 auctore
1165 4111 1311 4190 Anonymo

393 4207 658 4268 Reitenhaslaoensi
673 4209 746 4268 Ord.
761 4209 834 4268 Cist.
851 4209 1032 4289 Synchrono.
1390 4222 1445 4262 aar

354 4305 422 4363 Vita
436 4304 467 4363 S.
476 4303 599 4363 Alrnnae
609 4305 827 4365 Marchionissre
838 4305 1029 4366 Chambensis
1042 4315 1161 4365 auctore
1174 4302 1319 4382 Anonymo

394 4399 631 4460 Nideraltahensi
645 4401 719 4460 Ord.
732 4401 763 4460 S.
773 4403 846 4461 Ben.
1390 4413 1447 4474 253
