3192 5112
499 381 873 468 maspetum
1193 387 1236 452 cc

141 617 359 678 confirmentur
372 618 448 678 done
462 619 601 680 Ecclesiae
616 621 822 701 Rotomegenci
837 622 870 683 S.
879 623 1012 684 Audoeni
1025 625 1112 684 iactu
1174 541 1234 698 :dii

140 715 290 775 Fundatio
303 717 438 782 Abbatiae
456 718 522 777 ΒΒ.
537 719 661 778 Mon-tini
685 731 715 778 et
730 719 870 799 Wulgani
890 720 928 782 de
949 719 1040 800 siggi,
1055 719 1132 798 ejne-

179 811 305 890 demque
317 813 436 873 traditio
451 813 657 893 Rotomagenei
671 814 810 876 Eccleniae
825 816 857 876 S.
869 816 1018 876 Audoeni.
1162 816 1233 877 ibid.

140 908 289 968 Hermon
312 909 489 970 Francorum
508 910 598 990 Regin
612 911 759 992 Diplomc,
774 933 833 991 quo
852 913 990 992 injustam
1011 933 1132 974 consue·

220 1006 352 1066 tudinem
367 1007 397 1064 in
411 1008 483 1066 urbe
496 1006 699 1068 Aurelicnemi
714 1010 841 1089 abroget.
1172 1029 1229 1086 401

138 1103 305 1163 Wununun
320 1125 337 1163 e
351 1105 497 1164 Monaobo
513 1103 648 1165 Abbatiu
669 1105 705 1166 de
720 1107 813 1167 Cruce
835 1107 865 1168 S.
874 1108 1015 1170 Lcnfredi
1029 1107 1133 1168 Anchi-

178 1201 308 1283 epiocopi
322 1201 475 1269 Ammoni,
490 1202 624 1282 Epistola
643 1202 681 1262 ad
701 1203 863 1274 Erinetum,
878 1205 915 1264 de
936 1205 1002 1265 Deo
1022 1225 1083 1264 nno
1102 1216 1133 1264 et

178 1301 268 1360 trino.
1163 1302 1232 1362 ibid.

137 1399 312 1466 Ecclesiam,
337 1399 396 1459 nive
420 1399 632 1460 Monaeterium
658 1399 688 1459 S.
710 1399 851 1476 Stephani
874 1401 1017 1460 instaurat
1039 1399 1133 1462 Hono

178 1495 213 1554 N
213 1497 371 1556 ivernennie
385 1496 558 1576 Episcopus,
569 1509 659 1575 etque
673 1497 712 1556 ibi
727 1497 888 1556 Canonicoe
901 1497 1037 1557 instituit.
1173 1515 1234 1571 404

137 1593 336 1672 Indulgentiae
348 1593 547 1655 conceduntur
560 1594 591 1652 in
605 1593 819 1657 coniectatione
833 1592 972 1653 Ecclesiae
986 1592 1018 1652 S.
1028 1593 1132 1652 Murice

179 1689 218 1750 de
232 1692 370 1758 Correno,
385 1691 432 1750 cui
446 1689 586 1750 nonnulla
599 1690 753 1750 donentur.
1172 1707 1230 1767 405

136 1787 302 1848 Ecclesiam
317 1789 347 1848 S.
357 1788 501 1858 Machuti,
513 1799 544 1848 et
557 1787 698 1848 nonnullo
711 1787 820 1848 donant
831 1787 1137 1865 MajoriMonccterio

180 1885 356 1946 &aaaron
369 1905 412 1944 nn
427 1886 591 1944 Senonum
604 1897 634 1945 et
648 1904 722 1944 uxor
736 1885 800 1962 ejus
814 1884 979 1944 Hanuuen.
1172 1886 1232 1959 406

136 1982 274 2044 Ecclesia
288 1983 319 2043 S.
328 1983 430 2042 Maniae
450 1982 487 2042 de
500 1981 584 2041 Valle
605 1993 797 2050 consecratur.
812 2003 845 2040 cc
859 1981 1008 2041 dotatore
1023 1982 1134 2042 Banna

180 2081 302 2160 virgine.
1172 2097 1230 2156 407

135 2179 286 2238 Annonam
302 2178 508 2258 Hispaniarum
517 2177 607 2256 Regis
622 2176 755 2257 Epistola
769 2176 805 2236 ud
820 2176 977 2256 Hngonem
987 2176 1131 2237 Abbntem

179 2275 409 2336 Cluniaoenoem.
1162 2274 1232 2335 ibid.

137 2375 291 2434 llnoomo
303 2373 428 2432 Abbatie
442 2372 641 2433 Cluniecencis
666 2372 784 2431 Statum
807 2373 839 2430 in
858 2372 979 2451 gratiam
1001 2371 1131 2450 ejusdem

179 2471 307 2530 Alionei.
1172 2472 1232 2544 408

137 2569 280 2650 Ejusdem
304 2567 440 2648 Hugonie
463 2567 615 2628 Statntum
638 2569 669 2626 in
692 2567 814 2646 gratiam
839 2566 988 2626 Lamberti
1009 2564 1132 2626 Abbatiu

180 2668 213 2726 S.
228 2667 351 2726 Bertini.
1158 2662 1230 2722 ibid.

136 2765 357 2824 Tunonnnune
383 2763 559 2823 Francorum
581 2763 686 2824 Comes
706 2762 865 2829 Palatinus,
882 2760 1014 2819 Odonem
1039 2759 1131 2819 filium

178 2863 230 2923 dat
252 2861 423 2922 salutaribus
442 2860 525 2939 aquic
545 2860 721 2920 abluendum
743 2857 865 2937 Hugoni
889 2856 999 2916 Abbeti
1013 2855 1130 2914 Clunia·

178 2960 267 3028 censi,
280 2959 364 3037 eique
378 2957 557 3017 Moneoterio
571 2957 737 3016 consiacum
750 2956 848 3014 donat.
1161 2951 1230 3012 ibid.

136 3059 325 3118 (innuimus
336 3055 496 3116 Ecclesium
508 3053 740 3133 S.Gningualoci
754 3052 805 3112 dat
816 3049 1130 3129 Majori-Monneterio,

176 3155 283 3214 amotio
295 3153 363 3213 inde
377 3151 541 3212 canonicis.
1171 3163 1231 3223 409

136 3250 326 3311 Praebendcm
350 3249 486 3310 Ecclesiae
507 3267 567 3308 aue
590 3248 704 3310 confert
721 3244 875 3306 Monachie
891 3241 1130 3304 Cluniucenaibus

177 3348 334 3407 Amnum
349 3347 515 3426 Epieoepue
530 3343 728 3404 Carnuteneia.
1170 3357 1230 3416 410

136 3446 304 3505 (innocen
322 3443 417 3502 Panna
430 3442 506 3502 Vll.
530 3441 596 3518 (ant
618 3441 695 3500 forte
716 3441 771 3499 lx.
792 3451 827 3500 ut
849 3441 1020 3520 conjiciebat
1041 3436 1130 3498 Baln-

177 3541 257 3619 nino)
273 3537 408 3620 Epistola
421 3537 459 3597 ud
473 3536 605 3596 dominon
620 3535 746 3615 Nigelle
759 3545 790 3596 et
804 3536 903 3596 Bovoe.
1160 3531 1232 3592 ibid.

137 3641 359 3700 Ennnnnnnue
373 3635 618 3697 Viromandornm
635 3637 739 3696 Comes
756 3635 824 3713 jura
845 3647 876 3696 et
899 3635 1048 3696 libertates
1066 3635 1130 3694 An.

176 3738 264 3798 natio
278 3737 310 3798 S.
321 3735 454 3814 Praejecti
469 3735 501 3793 in
513 3735 585 3794 urbe
599 3733 630 3792 S.
643 3733 779 3806 Quintini
793 3733 903 3793 amerit.
1158 3729 1230 3790 ibid.

136 3835 358 3894 Gunnnnnnue
386 3831 553 3910 Aquitanica
581 3831 653 3894 Dux
676 3831 887 3890 Monmterinm
916 3829 948 3890 S.
968 3829 1072 3888 Marioe
1098 3827 1130 3887 in

176 3932 316 3994 suburbio
330 3929 495 3990 Pictnvemi
508 3927 625 3996 fundat,
637 3929 667 3986 in
681 3947 767 3986 nsum
781 3927 994 3988 Monacborum
1008 3925 1128 3986 Clunia·

176 4031 316 4092 centium.
1169 4041 1225 4096 411

134 4129 351 4188 Ruonnuunne
377 4125 407 4182 in
431 4124 561 4183 Concilio
585 4121 841 4201 Augustodunenci
866 4123 1131 4182 excommunicatus

174 4223 314 4302 injustam
327 4219 567 4280 consuetudinem
582 4218 714 4278 dimittit.
1159 4214 1228 4274 ibid.

133 4319 296 4382 Ecclesiam
317 4320 349 4379 in
366 4329 460 4378 metro
478 4317 515 4378 de
528 4317 662 4376 Avelone
680 4315 770 4374 donat
787 4316 940 4376 Monechie
955 4314 1128 4375 cluniacen-

174 4418 256 4477 sibus
271 4417 367 4476 Huoo
381 4415 559 4495 Burgundiae
573 4413 654 4473 Dux.
1170 4427 1227 4482 412

657 4529 712 4584 1³4
