3192 5112
693 355 840 422 Dodoni
872 354 1078 444 Spieiiopimn.

428 553 538 626 prope
572 530 723 602 Pontem
764 531 802 602 S.
836 529 1034 604 Michaiilis.
1069 549 1301 602 mcccxxm.
1352 531 1445 603 cum

431 647 613 743 privilegio
631 647 750 744 Regis.

642 837 799 904 elenchus
814 819 953 924 operum
967 839 1000 902 n
1014 837 1115 903 nomo
1132 837 1158 902 1.

358 994 488 1054 Zscnm
504 993 661 1053 Christiani
681 1005 712 1052 et
726 993 906 1053 Anonaonn
922 993 1091 1074 Philosophi
1106 991 1360 1052 consultationum

398 1091 464 1152 libri
478 1103 546 1152 tres.
1341 1089 1412 1168 Pag.
1430 1109 1440 1147 r

358 1189 460 1251 Sermo
474 1191 504 1249 iu
519 1187 620 1249 Natali
635 1189 765 1248 Domini.
1405 1207 1441 1263 41

358 1288 512 1348 Dentatus
527 1287 701 1354 Hsrarorns,
715 1286 752 1346 de
769 1287 898 1368 corpore
919 1299 950 1350 et
968 1287 1117 1367 Sanguine
1134 1285 1273 1346 Dominis
1295 1297 1348 1345 aut

399 1387 497 1466 potius
526 1385 732 1463 Fragmentum
761 1387 966 1445 commentarii
1000 1387 1031 1444 in
1059 1384 1221 1466 Epistulam
1249 1385 1275 1444 Ι.
1308 1383 1347 1444 ad

400 1483 575 1543 corinthios.
1406 1499 1445 1556 42

360 1580 525 1639 Paeonasn
547 1579 716 1638 fflcnnnrr
742 1579 866 1639 Abbatis
888 1580 1079 1648 corbeiensis,
1105 1577 1287 1661 Opusculum
1310 1576 1348 1636 de

400 1677 491 1736 Portu
506 1677 646 1756 Virginis.
1407 1693 1447 1750 44

360 1775 535 1836 maman
550 1775 687 1836 Monachi
701 1775 891 1843 corbeiensis,
906 1777 996 1838 liber
1009 1776 1046 1836 de
1066 1795 1102 1836 eo
1119 1773 1199 1854 quod
1212 1773 1347 1833 Christus

399 1891 436 1932 ex
452 1871 574 1950 Virgine
588 1882 741 1932 natusest.

361 1969 497 2050 Ejndos
519 1968 602 2028 Libri
626 1968 683 2029 1v.
704 1981 805 2030 contra
825 1971 959 2052 opposita
981 1971 1159 2042 Grecorum,
1185 1967 1346 2030 Ecclesiam

399 2067 560 2126 Romanam
574 2067 785 2128 infamantium.

359 2165 473 2224 AEuna’.
488 2165 657 2226 Parisiensis
671 2166 820 2247 Episcopi,
834 2167 923 2226 Liber
936 2167 1073 2227 adversm
1087 2166 1212 2226 Graems

360 2263 469 2322 Incerti
482 2263 653 2342 opusculum
668 2265 704 2324 de
718 2263 847 2346 corpore
860 2275 890 2324 et
905 2263 1052 2344 Sanguine
1067 2263 1196 2323 Domini.

359 2358 554 2420 Annavannr
582 2361 754 2441 opuseulum
778 2361 815 2422 de
838 2361 966 2442 corpore
990 2373 1020 2421 et
1045 2361 1192 2442 Sanguine
1216 2358 1346 2428 Domini,

399 2469 499 2517 contra
512 2459 654 2518 Joannem
670 2458 800 2518 Scotum.
1392 2470 1447 2532 150

360 2554 514 2614 Annuarr
536 2555 738 2616 Archidiaconi
760 2556 915 2636 Sagiensis,
939 2568 1040 2638 postea
1063 2556 1252 2616 Lexoviensis
1273 2553 1347 2636 Epi·

400 2657 489 2737 scopi,
504 2655 658 2715 Tractatus
678 2656 709 2714 in
724 2654 879 2714 Girardum
894 2654 1072 2735 Episcopum
1086 2651 1346 2732 Engolismensem.
1393 2667 1446 2730 152

360 2752 514 2814 Asssaar
535 2752 778 2831 Havelbergensis
799 2751 939 2832 Episcopi
957 2750 1040 2810 Libri
1061 2761 1139 2810 tres:
1165 2749 1190 2808 1.
1205 2749 1241 2810 de
1261 2749 1348 2810 variis

401 2851 573 2911 christianas
601 2851 762 2930 Religionis
789 2850 910 2910 formis:
947 2849 996 2908 alii
1025 2849 1083 2908 duo
1108 2848 1347 2929 Disputationum

400 2950 536 3010 adversus
550 2949 676 3008 Graecos.
1393 2947 1444 3004 161

360 3049 542 3108 Bonscmm
554 3046 627 3107 Vita
642 3045 864 3116 Hernicorum,
878 3046 933 3105 hoc
946 3055 991 3106 est
1004 3043 1171 3123 Descriptio
1185 3043 1347 3104 Haterium

400 3165 472 3223 quas
485 3144 603 3203 cathari
617 3144 837 3223 profitebantur,
850 3155 881 3203 et
895 3163 994 3203 earum
1009 3141 1190 3202 confutatio.
1391 3144 1447 3202 228

362 3242 569 3319 Fragmentum
585 3239 732 3300 Sermonis
747 3239 778 3298 S.
789 3239 948 3300 Fausnrnr
963 3239 1110 3321 Episcopi.
1390 3254 1446 3316 223

362 3341 394 3399 S.
409 3340 514 3400 Parni
529 3339 735 3398 crannonem
749 3337 904 3398 Sermones
917 3338 956 3398 V.
977 3338 1009 3398 in
1030 3337 1199 3398 Orationem
1213 3334 1347 3396 Domini·

401 3457 472 3504 cam,
487 3435 524 3495 ad
538 3435 776 3495 Catechumenos.
1377 3433 1447 3494 ibid.

361 3533 495 3593 Nicann
512 3531 650 3614 Episcopi
664 3531 819 3594 Tractatus
833 3533 869 3594 de
884 3532 999 3614 Vigiliis
1013 3531 1170 3592 Servorum
1185 3531 1252 3592 Dei.
1391 3549 1443 3590 222

362 3629 498 3712 Ejusdem
512 3629 666 3689 Tractatns
680 3627 716 3689 de
731 3631 902 3690 Psalmodin
914 3632 1000 3690 bono.
1392 3645 1445 3703 223

361 3727 533 3786 S.Is1non1
559 3725 742 3806 Hispalensis
767 3727 906 3807 Episcopi
930 3727 967 3786 ad
991 3723 1144 3786 Branlinm
1170 3725 1348 3806 Episcopum

400 3824 489 3884 Liber
502 3823 539 3882 de
553 3823 665 3884 Ordine
679 3825 891 3884 creaturarum.
1391 3841 1427 3881 22
1430 3837 1445 3898 5

362 3924 528 3983 Sassiam
543 3921 677 3993 Abbatis,
692 3923 812 3982 Ordinis
827 3923 858 3983 S.
871 3923 1034 3992 Benedicti,
1051 3923 1110 3983 Via
1124 3923 1226 4002 Regia.
1392 3921 1447 3998 238

361 4019 555 4082 Taaonuarr
582 4019 719 4100 Episcopi
746 4019 965 4080 Aurelianensis
991 4020 1152 4100 fragmenta
1175 4021 1348 4082 8222222222

401 4119 520 4198 aliquot.
1392 4135 1448 4194 254

363 4217 454 4277 Jonm
482 4213 621 4296 Episcopi
649 4213 865 4273 Aurelianensis
892 4212 974 4272 Libri
1004 4225 1064 4276 tres
1096 4215 1133 4276 de
1160 4216 1349 4278 Institutione

404 4313 506 4374 laicali.
1392 4333 1408 4372 2
1411 4313 1449 4391 38

363 4412 501 4490 Ejusdem
516 4407 698 4490 Opusculum
712 4407 747 4466 de
763 4407 949 4469 Institutione
964 4409 1065 4488 Regia.
1389 4427 1449 4488 324
