3172 5108
440 386 736 454 nuntiatione
749 386 958 454 Ma'soclloueu.
1183 390 1246 453 ise

142 597 510 700 tonsuramus...
1185 557 1244 716 fd}

143 731 252 792 Literae
275 733 448 794 Monsasm
479 736 625 816 Principis
653 737 789 816 Orgsniae
814 720 853 798 'ad
881 735 1063 798 Clementem
1085 735 1140 793 Vl.

186 829 225 887 R.
240 829 278 888 P.
1172 831 1242 892 ibid.

141 927 174 985 J.
190 927 231 986 D.
246 927 346 986 Mansi
360 927 533 990 Adnotatio.
1187 929 1244 990 186

142 1024 309 1084 Poscenti
325 1027 428 1086 Oratio
441 1028 478 1088 ad
492 1029 531 1087 D.
547 1029 689 1088 Caesarem
704 1026 924 1108 sigismundum
940 1027 1053 1086 Rome.
1171 1025 1241 1087 ibid.

143 1121 250 1182 Parsa
279 1141 319 1182 ns
346 1123 469 1184 Mortua
495 1125 605 1186 Veneti
631 1125 767 1206 Epistola
794 1124 831 1184 sd
859 1123 1018 1202 Georgium
1046 1125 1141 1184 eam

185 1217 292 1276 riuum.
1186 1221 1242 1279 188

142 1313 265 1372 Cnsonr
281 1313 326 1374 11.
342 1314 450 1375 Sicilie
464 1316 555 1396 Regis
568 1317 691 1376 Litterae
703 1317 741 1376 ad
755 1315 964 1378 Bononienses.
1187 1335 1241 1393 192

143 1411 253 1470 Literu
269 1412 390 1472 Consilii
405 1413 582 1474 Basileensis
596 1413 633 1473 ad
648 1414 863 1493 Hieronymum
878 1412 914 1472 dc
929 1411 1023 1491 Praga
1037 1412 1142 1472 Mona-

185 1509 270 1570 chum
286 1511 548 1570 camaldulensem.
1171 1509 1242 1572 ibid.

144 1605 196 1664 Pu
211 1607 254 1666 11.
271 1608 390 1672 littere
404 1608 442 1668 ad
456 1608 626 1689 Philippum
641 1605 820 1687 Burgundie
835 1607 958 1666 Ducem.
1186 1625 1240 1685 193

143 1702 253 1764 Literae
266 1704 412 1764 uuonan
428 1706 520 1767 ΡΜ
535 1705 593 1765 1v.
608 1705 646 1764 ad
661 1704 888 1764 Universitutem
904 1703 1106 1764 Parisiensem.
1187 1723 1243 1781 ¹94

144 1798 284 1876 Ejusdem
298 1801 408 1860 Literm
421 1802 458 1862 ad
473 1803 652 1882 Episcopum
668 1801 901 1861 Malleacensem.
1186 1817 1240 1880 195

143 1894 253 1957 Liters
267 1896 456 1956 Jaauensium
476 1898 513 1957 ad
529 1899 641 1957 Ducem
656 1897 905 1957 Mediolanensem
926 1897 964 1957 de
983 1897 1141 1957 rebellione

184 2011 238 2052 sus
250 2004 381 2074 tempore
401 2015 460 2072 quo
482 1995 546 2054 Rex
566 1995 736 2074 Aragonum
757 1995 854 2075 prada
874 1995 933 2056 fuit
947 1995 1140 2058 anuensium

184 2101 215 2148 et
229 2089 334 2150 ductus
349 2090 561 2151 Mediolanum.
1171 2091 1242 2152 ibid.

143 2187 191 2246 Cl.
206 2187 340 2247 Oratoris
361 2189 509 2248 Guaarsr
530 2187 709 2249 Veronensis
731 2187 768 2248 nd
789 2188 838 2248 lll.
859 2189 1026 2269 Principem
1047 2189 1140 2248 Nico-

182 2283 261 2344 laum
276 2285 477 2345 Marcbionem
491 2284 646 2345 Estensem
659 2285 816 2363 gratulatio
830 2306 883 2365 pro
896 2286 1038 2346 revocatis
1051 2286 1088 2344 ab
1102 2305 1137 2344 co

184 2381 215 2440 in
230 2383 352 2460 gretiam
368 2383 520 2462 Hispanis.
1185 2383 1242 2458 196

144 2478 312 2538 Bourrscn
338 2477 429 2553 (forte
453 2479 525 2550 IX.)
552 2478 686 2558 Epistola
713 2478 751 2538 nd
774 2479 931 2546 Lucenses,
959 2489 994 2538 ut
1016 2479 1141 2559 puniant

185 2573 368 2636 Gbibellinos
383 2576 489 2636 Patriae
503 2587 533 2636 et
548 2575 686 2635 Ecclesiae
700 2577 808 2636 hostes.
1186 2576 1242 2654 198

141 2673 351 2752 Interpretatio
364 2672 529 2732 literarum
545 2672 719 2732 Patrinrcboe
732 2671 898 2732 Antiochia
911 2671 949 2732 sd
963 2671 1018 2732 SS.
1033 2673 1068 2731 Ρ.
1082 2673 1103 2732 J
1105 2693 1139 2732 u.

181 2768 256 2830 lium
278 2769 338 2828 Ill.
360 2790 412 2849 per
427 2770 464 2828 R.
477 2771 512 2829 P.
522 2770 564 2830 D.
585 2769 766 2849 Episcopum
788 2770 976 2840 Maronitam‚
998 2781 1028 2829 et
1048 2770 1139 2848 magi·

181 2877 275 2925 strum
290 2865 478 2926 Ambrosium
492 2866 528 2928 de
543 2865 649 2926 Melita
663 2865 784 2928 Ordinis
799 2865 1035 2926 Prtedicetorum.
1185 2883 1241 2941 199

141 2963 172 3022 J.
188 2963 229 3021 D.
245 2964 341 3023 Mansi
355 2963 447 3025 Nota.
1183 2963 1242 3024 206

142 3059 288 3138 Ejusdem
302 3061 500 3122 Prumonitio.
1169 3057 1240 3118 ibid.

142 3159 310 3218 chronicon
324 3157 360 3218 de
372 3159 462 3238 gestis
479 3169 580 3219 contra
595 3157 780 3218 Fratrioellos
801 3169 919 3218 auctore
932 3157 1063 3219 donuae
1078 3156 1141 3215 Mi.

182 3256 290 3316 norits.
709 3299 711 3304 ,
1170 3253 1240 3312 ibid.

141 3352 194 3412 Ad
214 3351 364 3433 superiora
384 3351 543 3432 opuscula,
558 3373 610 3412 seu
632 3352 793 3412 Historiam
812 3352 850 3412 de
871 3351 1050 3412 Fratricellis
1064 3349 1140 3410 Ani.

180 3448 346 3510 msdversio
360 3457 389 3507 et
404 3448 630 3508 Dissertationes
646 3447 683 3504 R.
695 3447 729 3504 P.
741 3448 782 3506 N.
795 3447 844 3506 W.
859 3447 898 3506 0.
911 3448 956 3506 Μ.
968 3449 1005 3506 L.
1017 3448 1055 3508 T.
1180 3465 1241 3524 339

143 3548 168 3606 l.
199 3545 376 3605 Dissertatio
402 3543 593 3625 Apologetics
620 3565 674 3624 pro
698 3543 830 3604 Romano
856 3543 1000 3604 Pontifice
1027 3545 1142 3604 Joanne

184 3642 293 3702 XXII.
1171 3639 1241 3700 ibid.

141 3743 187 3802 Il.
205 3743 264 3800 Pro
285 3741 397 3801 Ordine
418 3740 569 3800 Minorum
591 3741 620 3798 S.
643 3738 790 3796 Fruncisci
810 3736 1004 3817 Apologetics
1025 3737 1139 3797 Disser-

184 3839 267 3904 tatio,
281 3829 311 3894 in
326 3856 383 3913 qua
397 3836 433 3894 de
448 3835 684 3894 Eretricellorum
699 3834 811 3912 origine
825 3843 856 3892 et
869 3843 997 3892 auctore.
1182 3837 1240 3910 363

140 3935 172 3993 J.
190 3935 229 3994 D.
242 3933 340 3994 Menai
356 3931 495 3992 Prmfatio
508 3932 539 3992 in
553 3943 721 4010 sequentem
737 3931 947 3992 collectionem
963 3932 1125 3994 Cauonum.
1181 3933 1241 4006 368

140 4029 171 4088 J.
187 4031 227 4090 D.
243 4029 341 4090 Mansi
357 4027 526 4088 admonitio.
1181 4047 1240 4106 392

140 4123 286 4184 Collectio
300 4123 500 4204 Epistolarum
514 4121 705 4200 quorumdam
721 4121 920 4180 Romanorum
936 4121 1122 4180 Pontificum.
1171 4120 1241 4180 ibid.

141 4221 291 4280 Professio
306 4221 390 4280 Fidei
407 4219 486 4280 edita
499 4241 516 4279 s
531 4219 708 4279 ΒοΝιΡΛοιο
723 4217 814 4278 v111.
831 4229 984 4298 postquam
1000 4216 1139 4276 Pontifex

183 4317 371 4377 renunciatus
385 4329 439 4379 cst.
1181 4312 1241 4386 41⁸

140 4416 172 4474 J.
190 4415 230 4474 D.
247 4415 345 4475 Mausi
360 4414 531 4474 Adnotatio.
1171 4407 1241 4466 ibid.

699 4528 721 4567 Ν
734 4529 754 4583 4
