<?xml version="1.0" encoding="UTF-8"?>
<!DOCTYPE html PUBLIC "-//W3C//DTD XHTML 1.0 Transitional//EN"
    "http://www.w3.org/TR/xhtml1/DTD/xhtml1-transitional.dtd">
<html xmlns="http://www.w3.org/1999/xhtml" xml:lang="en" lang="en">
 <head>
  <title>
</title>
<meta http-equiv="Content-Type" content="text/html;charset=utf-8" />
  <meta name='ocr-system' content='tesseract 3.04.00' />
  <meta name='ocr-capabilities' content='ocr_page ocr_carea ocr_par ocr_line ocrx_word'/>
</head>
<body>
  <div class='ocr_page' id='page_1' title='image "./notitiascriptor01dowlgoog_0105.png"; bbox 0 0 3170 5120; ppageno 0'>
   <div class='ocr_carea' id='block_1_1' title="bbox 358 383 1083 452">
    <p class='ocr_par' dir='ltr' id='par_1_1' title="bbox 358 383 1083 452">
     <span class='ocr_line' id='line_1_1' title="bbox 358 383 1083 452; baseline -0.001 -1"><span class='ocrx_word' id='word_1_1' title='bbox 358 389 403 452; x_wconf 82' lang='lat'>84</span> <span class='ocrx_word' id='word_1_2' title='bbox 724 383 902 450; x_wconf 78' lang='lat' dir='ltr'>Moiillouii</span> <span class='ocrx_word' id='word_1_3' title='bbox 923 385 1083 451; x_wconf 67' lang='lat' dir='ltr'>Analecta.</span> 
     </span>
    </p>
   </div>
   <div class='ocr_carea' id='block_1_2' title="bbox 359 555 1459 714">
    <p class='ocr_par' dir='ltr' id='par_1_2' title="bbox 359 555 1459 714">
     <span class='ocr_line' id='line_1_2' title="bbox 359 555 1459 714; baseline -0.003 -20"><span class='ocrx_word' id='word_1_4' title='bbox 359 635 560 707; x_wconf 72' lang='lat' dir='ltr'><strong>Quorumdam</strong></span> <span class='ocrx_word' id='word_1_5' title='bbox 576 634 787 714; x_wconf 86' lang='lat' dir='ltr'>Episcopornm</span> <span class='ocrx_word' id='word_1_6' title='bbox 803 635 1028 693; x_wconf 76' lang='lat' dir='ltr'>Carnutenoium</span> <span class='ocrx_word' id='word_1_7' title='bbox 1042 633 1141 693; x_wconf 91' lang='lat' dir='ltr'>obitus</span> <span class='ocrx_word' id='word_1_8' title='bbox 1154 645 1185 694; x_wconf 89' lang='lat' dir='ltr'>et</span> <span class='ocrx_word' id='word_1_9' title='bbox 1198 633 1300 712; x_wconf 69' lang='lat' dir='ltr'>elogn&#39;s.</span> <span class='ocrx_word' id='word_1_10' title='bbox 1401 555 1459 708; x_wconf 50' lang='lat' dir='ltr'>lib</span> 
     </span>
    </p>
   </div>
   <div class='ocr_carea' id='block_1_3' title="bbox 358 728 1459 2440">
    <p class='ocr_par' dir='ltr' id='par_1_3' title="bbox 359 728 1457 808">
     <span class='ocr_line' id='line_1_3' title="bbox 359 728 1457 808; baseline -0.004 -18"><span class='ocrx_word' id='word_1_11' title='bbox 359 733 467 790; x_wconf 81' lang='lat' dir='ltr'>Eorms</span> <span class='ocrx_word' id='word_1_12' title='bbox 477 731 635 808; x_wconf 88' lang='lat' dir='ltr'>juramenti</span> <span class='ocrx_word' id='word_1_13' title='bbox 648 729 822 790; x_wconf 83' lang='lat' dir='ltr'>investiendi</span> <span class='ocrx_word' id='word_1_14' title='bbox 837 728 978 788; x_wconf 86' lang='lat' dir='ltr'>Canonici</span> <span class='ocrx_word' id='word_1_15' title='bbox 991 728 1192 788; x_wconf 72' lang='lat' dir='ltr'>carnutensis.</span> <span class='ocrx_word' id='word_1_16' title='bbox 1402 745 1457 804; x_wconf 81' lang='lat'>237</span> 
     </span>
    </p>

    <p class='ocr_par' dir='ltr' id='par_1_4' title="bbox 358 824 1459 906">
     <span class='ocr_line' id='line_1_4' title="bbox 358 824 1459 906; baseline -0.001 -21"><span class='ocrx_word' id='word_1_17' title='bbox 358 826 436 886; x_wconf 89' lang='lat' dir='ltr'>Acta</span> <span class='ocrx_word' id='word_1_18' title='bbox 452 827 663 906; x_wconf 87' lang='lat' dir='ltr'>Episcoporum</span> <span class='ocrx_word' id='word_1_19' title='bbox 679 825 949 886; x_wconf 82' lang='lat' dir='ltr'>Cenomanensium.</span> <span class='ocrx_word' id='word_1_20' title='bbox 1388 824 1459 884; x_wconf 86' lang='lat' dir='ltr'>ibid.</span> 
     </span>
    </p>

    <p class='ocr_par' dir='ltr' id='par_1_5' title="bbox 359 919 1458 1192">
     <span class='ocr_line' id='line_1_5' title="bbox 359 919 1356 1002; baseline -0.001 -23"><span class='ocrx_word' id='word_1_21' title='bbox 359 921 508 1002; x_wconf 87' lang='lat' dir='ltr'>Excerpta</span> <span class='ocrx_word' id='word_1_22' title='bbox 535 941 572 981; x_wconf 82' lang='lat' dir='ltr'>ex</span> <span class='ocrx_word' id='word_1_23' title='bbox 601 922 800 982; x_wconf 88' lang='lat' dir='ltr'>Instrumento</span> <span class='ocrx_word' id='word_1_24' title='bbox 824 920 1011 980; x_wconf 75' lang='lat' dir='ltr'>visitationis</span> <span class='ocrx_word' id='word_1_25' title='bbox 1038 939 1124 998; x_wconf 82' lang='lat' dir='ltr'>quem</span> <span class='ocrx_word' id='word_1_26' title='bbox 1156 919 1225 979; x_wconf 87' lang='lat' dir='ltr'>fecit</span> <span class='ocrx_word' id='word_1_27' title='bbox 1252 919 1356 978; x_wconf 85' lang='lat' dir='ltr'>Simon</span> 
     </span>
     <span class='ocr_line' id='line_1_6' title="bbox 399 1015 1356 1098; baseline 0 -23"><span class='ocrx_word' id='word_1_28' title='bbox 399 1017 644 1098; x_wconf 90' lang='lat' dir='ltr'>Archiepisoopus</span> <span class='ocrx_word' id='word_1_29' title='bbox 662 1017 864 1083; x_wconf 88' lang='lat' dir='ltr'>Bituriceusis,</span> <span class='ocrx_word' id='word_1_30' title='bbox 886 1036 938 1096; x_wconf 89' lang='lat' dir='ltr'>per</span> <span class='ocrx_word' id='word_1_31' title='bbox 956 1015 1124 1075; x_wconf 76' lang='lat' dir='ltr'>Provincias</span> <span class='ocrx_word' id='word_1_32' title='bbox 1142 1015 1356 1075; x_wconf 84' lang='lat' dir='ltr'>Biturieensem</span> 
     </span>
     <span class='ocr_line' id='line_1_7' title="bbox 399 1111 1458 1192; baseline -0.002 -20"><span class='ocrx_word' id='word_1_33' title='bbox 399 1123 430 1172; x_wconf 88' lang='lat' dir='ltr'>et</span> <span class='ocrx_word' id='word_1_34' title='bbox 444 1113 699 1192; x_wconf 83' lang='lat' dir='ltr'>Burdegulensem.</span> <span class='ocrx_word' id='word_1_35' title='bbox 1399 1111 1458 1186; x_wconf 77' lang='lat'>338</span> 
     </span>
    </p>

    <p class='ocr_par' dir='ltr' id='par_1_6' title="bbox 359 1209 1458 1290">
     <span class='ocr_line' id='line_1_8' title="bbox 359 1209 1458 1290; baseline -0.001 -22"><span class='ocrx_word' id='word_1_36' title='bbox 359 1209 508 1290; x_wconf 84' lang='lat' dir='ltr'>Excerpte</span> <span class='ocrx_word' id='word_1_37' title='bbox 522 1229 556 1268; x_wconf 88' lang='lat' dir='ltr'>ex</span> <span class='ocrx_word' id='word_1_38' title='bbox 570 1209 670 1268; x_wconf 90' lang='lat' dir='ltr'>eodem</span> <span class='ocrx_word' id='word_1_39' title='bbox 685 1209 889 1268; x_wconf 86' lang='lat' dir='ltr'>instrumento.</span> <span class='ocrx_word' id='word_1_40' title='bbox 1398 1225 1458 1284; x_wconf 81' lang='lat'>345</span> 
     </span>
    </p>

    <p class='ocr_par' dir='ltr' id='par_1_7' title="bbox 359 1303 1358 1675">
     <span class='ocr_line' id='line_1_9' title="bbox 359 1303 1356 1385; baseline -0.001 -21"><span class='ocrx_word' id='word_1_41' title='bbox 359 1306 470 1366; x_wconf 78' lang='lat' dir='ltr'>Incerti</span> <span class='ocrx_word' id='word_1_42' title='bbox 491 1307 590 1365; x_wconf 68' lang='lat' dir='ltr'>Potite</span> <span class='ocrx_word' id='word_1_43' title='bbox 612 1325 711 1365; x_wconf 84' lang='lat' dir='ltr'>versus</span> <span class='ocrx_word' id='word_1_44' title='bbox 730 1305 766 1364; x_wconf 87' lang='lat' dir='ltr'>de</span> <span class='ocrx_word' id='word_1_45' title='bbox 782 1305 936 1385; x_wconf 88' lang='lat' dir='ltr'>Episcopis</span> <span class='ocrx_word' id='word_1_46' title='bbox 955 1317 986 1364; x_wconf 92' lang='lat' dir='ltr'>et</span> <span class='ocrx_word' id='word_1_47' title='bbox 1005 1305 1240 1384; x_wconf 86' lang='lat' dir='ltr'>Archiepiseopis</span> <span class='ocrx_word' id='word_1_48' title='bbox 1259 1303 1356 1364; x_wconf 74' lang='lat' dir='ltr'>Selts·</span> 
     </span>
     <span class='ocr_line' id='line_1_10' title="bbox 399 1401 1357 1482; baseline -0.002 -20"><span class='ocrx_word' id='word_1_49' title='bbox 399 1403 600 1482; x_wconf 84' lang='lat' dir='ltr'>burgensibus,</span> <span class='ocrx_word' id='word_1_50' title='bbox 612 1401 648 1461; x_wconf 91' lang='lat' dir='ltr'>de</span> <span class='ocrx_word' id='word_1_51' title='bbox 660 1401 814 1481; x_wconf 89' lang='lat' dir='ltr'>Episcopis</span> <span class='ocrx_word' id='word_1_52' title='bbox 828 1401 1098 1481; x_wconf 83' lang='lat' dir='ltr'>Retisponentibus,</span> <span class='ocrx_word' id='word_1_53' title='bbox 1112 1401 1357 1480; x_wconf 80' lang='lat' dir='ltr'>Frisiugensibus,</span> 
     </span>
     <span class='ocr_line' id='line_1_11' title="bbox 400 1496 1358 1577; baseline 0 -21"><span class='ocrx_word' id='word_1_54' title='bbox 400 1497 630 1576; x_wconf 83' lang='lat' dir='ltr'>Petaviensibus,</span> <span class='ocrx_word' id='word_1_55' title='bbox 646 1508 676 1556; x_wconf 92' lang='lat' dir='ltr'>et</span> <span class='ocrx_word' id='word_1_56' title='bbox 700 1497 943 1556; x_wconf 75' lang='lat' dir='ltr'>Sabionensibus:</span> <span class='ocrx_word' id='word_1_57' title='bbox 968 1517 1034 1556; x_wconf 89' lang='lat' dir='ltr'>cum</span> <span class='ocrx_word' id='word_1_58' title='bbox 1057 1497 1224 1577; x_wconf 84' lang='lat' dir='ltr'>Epitaphiis</span> <span class='ocrx_word' id='word_1_59' title='bbox 1244 1496 1358 1576; x_wconf 76' lang='lat' dir='ltr'>aliquot</span> 
     </span>
     <span class='ocr_line' id='line_1_12' title="bbox 401 1595 622 1675; baseline -0.005 -22"><span class='ocrx_word' id='word_1_60' title='bbox 401 1595 622 1675; x_wconf 87' lang='lat' dir='ltr'>Episcoporum.</span> 
     </span>
    </p>

    <p class='ocr_par' dir='ltr' id='par_1_8' title="bbox 360 1690 1213 1771">
     <span class='ocr_line' id='line_1_13' title="bbox 360 1690 1213 1771; baseline -0.001 -20"><span class='ocrx_word' id='word_1_61' title='bbox 360 1693 504 1751; x_wconf 73' lang='lat' dir='ltr'>Ancurur</span> <span class='ocrx_word' id='word_1_62' title='bbox 521 1691 632 1750; x_wconf 83' lang='lat' dir='ltr'>Versus</span> <span class='ocrx_word' id='word_1_63' title='bbox 646 1691 682 1750; x_wconf 88' lang='lat' dir='ltr'>de</span> <span class='ocrx_word' id='word_1_64' title='bbox 696 1690 806 1768; x_wconf 89' lang='lat' dir='ltr'>Aquiln</span> <span class='ocrx_word' id='word_1_65' title='bbox 821 1691 969 1771; x_wconf 78' lang='lat' dir='ltr'>Episcopo</span> <span class='ocrx_word' id='word_1_66' title='bbox 984 1692 1213 1771; x_wconf 82' lang='lat' dir='ltr'>Seltsburgensi.</span> 
     </span>
    </p>

    <p class='ocr_par' dir='ltr' id='par_1_9' title="bbox 361 1786 1016 1847">
     <span class='ocr_line' id='line_1_14' title="bbox 361 1786 1016 1847; baseline 0 -1"><span class='ocrx_word' id='word_1_67' title='bbox 361 1787 456 1846; x_wconf 81' lang='lat' dir='ltr'><strong>Breve</strong></span> <span class='ocrx_word' id='word_1_68' title='bbox 471 1787 634 1846; x_wconf 80' lang='lat' dir='ltr'>chronicon</span> <span class='ocrx_word' id='word_1_69' title='bbox 648 1786 857 1846; x_wconf 83' lang='lat' dir='ltr'>Aurilisoeusis</span> <span class='ocrx_word' id='word_1_70' title='bbox 872 1787 1016 1847; x_wconf 79' lang='lat' dir='ltr'>Abbatiae.</span> 
     </span>
    </p>

    <p class='ocr_par' dir='ltr' id='par_1_10' title="bbox 361 1883 1261 1964">
     <span class='ocr_line' id='line_1_15' title="bbox 361 1883 1261 1964; baseline 0.001 -22"><span class='ocrx_word' id='word_1_71' title='bbox 361 1883 526 1942; x_wconf 76' lang='lat' dir='ltr'>chronicon</span> <span class='ocrx_word' id='word_1_72' title='bbox 540 1883 713 1942; x_wconf 81' lang='lat' dir='ltr'>Monssterii</span> <span class='ocrx_word' id='word_1_73' title='bbox 728 1883 759 1942; x_wconf 83' lang='lat' dir='ltr'>S.</span> <span class='ocrx_word' id='word_1_74' title='bbox 769 1883 925 1943; x_wconf 73' lang='lat' dir='ltr'>Michaelis</span> <span class='ocrx_word' id='word_1_75' title='bbox 940 1885 970 1942; x_wconf 92' lang='lat' dir='ltr'>in</span> <span class='ocrx_word' id='word_1_76' title='bbox 984 1905 1059 1964; x_wconf 83' lang='lat' dir='ltr'>pago</span> <span class='ocrx_word' id='word_1_77' title='bbox 1069 1883 1261 1944; x_wconf 78' lang='lat' dir='ltr'>virdunensi.</span> 
     </span>
    </p>

    <p class='ocr_par' dir='ltr' id='par_1_11' title="bbox 361 1977 1250 2058">
     <span class='ocr_line' id='line_1_16' title="bbox 361 1977 1250 2058; baseline 0.003 -22"><span class='ocrx_word' id='word_1_78' title='bbox 361 1977 494 2055; x_wconf 87' lang='lat' dir='ltr'>Antiqua</span> <span class='ocrx_word' id='word_1_79' title='bbox 508 1977 639 2036; x_wconf 85' lang='lat' dir='ltr'>collectio</span> <span class='ocrx_word' id='word_1_80' title='bbox 653 1989 783 2038; x_wconf 87' lang='lat' dir='ltr'>veterum</span> <span class='ocrx_word' id='word_1_81' title='bbox 800 1979 1027 2058; x_wconf 89' lang='lat' dir='ltr'>Inscriptionum</span> <span class='ocrx_word' id='word_1_82' title='bbox 1042 1980 1250 2039; x_wconf 88' lang='lat' dir='ltr'>Romanorum.</span> 
     </span>
    </p>

    <p class='ocr_par' dir='ltr' id='par_1_12' title="bbox 362 2073 937 2153">
     <span class='ocr_line' id='line_1_17' title="bbox 362 2073 937 2153; baseline 0 -21"><span class='ocrx_word' id='word_1_83' title='bbox 362 2074 528 2153; x_wconf 84' lang='lat' dir='ltr'>Descriptio</span> <span class='ocrx_word' id='word_1_84' title='bbox 542 2073 706 2152; x_wconf 75' lang='lat' dir='ltr'>Regionum</span> <span class='ocrx_word' id='word_1_85' title='bbox 722 2074 811 2132; x_wconf 87' lang='lat' dir='ltr'>Urbis</span> <span class='ocrx_word' id='word_1_86' title='bbox 825 2073 937 2132; x_wconf 75' lang='lat' dir='ltr'>Rome.</span> 
     </span>
    </p>

    <p class='ocr_par' dir='ltr' id='par_1_13' title="bbox 363 2167 1166 2249">
     <span class='ocr_line' id='line_1_18' title="bbox 363 2167 1166 2249; baseline 0.004 -22"><span class='ocrx_word' id='word_1_87' title='bbox 363 2169 510 2248; x_wconf 87' lang='lat' dir='ltr'>Rythmus</span> <span class='ocrx_word' id='word_1_88' title='bbox 524 2167 673 2248; x_wconf 71' lang='lat' dir='ltr'>satyricus</span> <span class='ocrx_word' id='word_1_89' title='bbox 687 2168 724 2228; x_wconf 90' lang='lat' dir='ltr'>de</span> <span class='ocrx_word' id='word_1_90' title='bbox 737 2171 916 2249; x_wconf 85' lang='lat' dir='ltr'>temporibus</span> <span class='ocrx_word' id='word_1_91' title='bbox 931 2170 1053 2229; x_wconf 86' lang='lat' dir='ltr'>Roberti</span> <span class='ocrx_word' id='word_1_92' title='bbox 1067 2169 1166 2249; x_wconf 78' lang='lat' dir='ltr'>Regis.</span> 
     </span>
    </p>

    <p class='ocr_par' dir='ltr' id='par_1_14' title="bbox 364 2264 867 2344">
     <span class='ocr_line' id='line_1_19' title="bbox 364 2264 867 2344; baseline 0 -20"><span class='ocrx_word' id='word_1_93' title='bbox 364 2266 474 2324; x_wconf 80' lang='lat' dir='ltr'>Breues</span> <span class='ocrx_word' id='word_1_94' title='bbox 488 2264 618 2324; x_wconf 84' lang='lat' dir='ltr'>Annales</span> <span class='ocrx_word' id='word_1_95' title='bbox 633 2264 867 2344; x_wconf 84' lang='lat' dir='ltr'>Retisponenses.</span> 
     </span>
    </p>

    <p class='ocr_par' dir='ltr' id='par_1_15' title="bbox 363 2361 752 2440">
     <span class='ocr_line' id='line_1_20' title="bbox 363 2361 752 2440; baseline -0.008 -19"><span class='ocrx_word' id='word_1_96' title='bbox 363 2361 494 2421; x_wconf 88' lang='lat' dir='ltr'>Annales</span> <span class='ocrx_word' id='word_1_97' title='bbox 509 2361 752 2440; x_wconf 81' lang='lat' dir='ltr'>Weingsrtenses.</span> 
     </span>
    </p>
   </div>
   <div class='ocr_carea' id='block_1_4' title="bbox 364 2455 1578 2534">
    <p class='ocr_par' dir='ltr' id='par_1_16' title="bbox 364 2455 1578 2534">
     <span class='ocr_line' id='line_1_21' title="bbox 364 2455 1578 2534; baseline 0.001 -17"><span class='ocrx_word' id='word_1_98' title='bbox 364 2458 495 2518; x_wconf 87' lang='lat' dir='ltr'>Annales</span> <span class='ocrx_word' id='word_1_99' title='bbox 509 2456 716 2525; x_wconf 87' lang='lat' dir='ltr'>Einsidlenses,</span> <span class='ocrx_word' id='word_1_100' title='bbox 729 2455 765 2514; x_wconf 85' lang='lat' dir='ltr'>sd</span> <span class='ocrx_word' id='word_1_101' title='bbox 780 2456 886 2534; x_wconf 86' lang='lat' dir='ltr'>cyclos</span> <span class='ocrx_word' id='word_1_102' title='bbox 900 2457 1061 2518; x_wconf 84' lang='lat' dir='ltr'>Pnechales.</span> <span class='ocrx_word' id='word_1_103' title='bbox 1389 2459 1462 2520; x_wconf 91' lang='lat' dir='ltr'>ibid.</span> <span class='ocrx_word' id='word_1_104' title='bbox 1577 2505 1578 2510; x_wconf 14' lang='grc' dir='ltr'><strong>κ</strong></span> 
     </span>
    </p>
   </div>
   <div class='ocr_carea' id='block_1_5' title="bbox 365 2553 1462 2825">
    <p class='ocr_par' dir='ltr' id='par_1_17' title="bbox 365 2553 1462 2825">
     <span class='ocr_line' id='line_1_22' title="bbox 365 2553 1461 2616; baseline 0.002 -2"><span class='ocrx_word' id='word_1_105' title='bbox 365 2555 429 2614; x_wconf 91' lang='lat' dir='ltr'>Alii</span> <span class='ocrx_word' id='word_1_106' title='bbox 443 2553 573 2614; x_wconf 87' lang='lat' dir='ltr'>Annsles</span> <span class='ocrx_word' id='word_1_107' title='bbox 587 2553 795 2612; x_wconf 85' lang='lat' dir='ltr'>Einsidlsuses.</span> <span class='ocrx_word' id='word_1_108' title='bbox 1390 2557 1461 2616; x_wconf 91' lang='lat' dir='ltr'>ibid.</span> 
     </span>
     <span class='ocr_line' id='line_1_23' title="bbox 366 2652 1462 2730; baseline -0.005 -19"><span class='ocrx_word' id='word_1_109' title='bbox 366 2653 440 2712; x_wconf 86' lang='lat' dir='ltr'>Dies</span> <span class='ocrx_word' id='word_1_110' title='bbox 453 2652 595 2710; x_wconf 87' lang='lat' dir='ltr'>intrantes</span> <span class='ocrx_word' id='word_1_111' title='bbox 608 2661 638 2710; x_wconf 90' lang='lat' dir='ltr'>et</span> <span class='ocrx_word' id='word_1_112' title='bbox 652 2661 801 2710; x_wconf 87' lang='lat' dir='ltr'>exeuntes.</span> <span class='ocrx_word' id='word_1_113' title='bbox 1400 2653 1462 2730; x_wconf 83' lang='lat'>369</span> 
     </span>
     <span class='ocr_line' id='line_1_24' title="bbox 371 2745 1360 2825; baseline 0.002 -17"><span class='ocrx_word' id='word_1_114' title='bbox 371 2749 479 2808; x_wconf 78' lang='lat' dir='ltr'>Veteris</span> <span class='ocrx_word' id='word_1_115' title='bbox 494 2747 587 2806; x_wconf 81' lang='lat' dir='ltr'>Po&#39;e&#39;tc</span> <span class='ocrx_word' id='word_1_116' title='bbox 602 2747 724 2806; x_wconf 89' lang='lat' dir='ltr'>csrmen</span> <span class='ocrx_word' id='word_1_117' title='bbox 739 2745 965 2825; x_wconf 79' lang='lat' dir='ltr'>Apologeticum</span> <span class='ocrx_word' id='word_1_118' title='bbox 985 2748 1123 2807; x_wconf 80' lang='lat' dir='ltr'>adversus</span> <span class='ocrx_word' id='word_1_119' title='bbox 1140 2749 1360 2810; x_wconf 83' lang='lat' dir='ltr'>obtrectatores</span> 
     </span>
    </p>
   </div>
   <div class='ocr_carea' id='block_1_6' title="bbox 406 2841 1577 2924">
    <p class='ocr_par' dir='ltr' id='par_1_18' title="bbox 406 2841 1577 2924">
     <span class='ocr_line' id='line_1_25' title="bbox 406 2841 1577 2924; baseline 0.002 -21"><span class='ocrx_word' id='word_1_120' title='bbox 406 2845 545 2903; x_wconf 72' lang='lat' dir='ltr'>Romane</span> <span class='ocrx_word' id='word_1_121' title='bbox 559 2843 664 2911; x_wconf 76' lang='lat' dir='ltr'>curie,</span> <span class='ocrx_word' id='word_1_122' title='bbox 679 2841 957 2919; x_wconf 86' lang='lat' dir='ltr'>interloquutoribus</span> <span class='ocrx_word' id='word_1_123' title='bbox 972 2843 1115 2902; x_wconf 80' lang='lat' dir='ltr'>(lanfrido</span> <span class='ocrx_word' id='word_1_124' title='bbox 1129 2855 1159 2903; x_wconf 90' lang='lat' dir='ltr'>et</span> <span class='ocrx_word' id='word_1_125' title='bbox 1173 2844 1285 2924; x_wconf 86' lang='lat' dir='ltr'>Aprile.</span> <span class='ocrx_word' id='word_1_126' title='bbox 1390 2845 1462 2905; x_wconf 88' lang='lat' dir='ltr'>ibid.</span> <span class='ocrx_word' id='word_1_127' title='bbox 1576 2903 1577 2911; x_wconf 71' lang='grc'>,</span> 
     </span>
    </p>
   </div>
   <div class='ocr_carea' id='block_1_7' title="bbox 367 2937 1464 3116">
    <p class='ocr_par' dir='ltr' id='par_1_19' title="bbox 367 2937 1464 3116">
     <span class='ocr_line' id='line_1_26' title="bbox 367 2937 1461 3021; baseline -0.003 -21"><span class='ocrx_word' id='word_1_128' title='bbox 367 2940 526 3021; x_wconf 87' lang='lat' dir='ltr'>Epitephis</span> <span class='ocrx_word' id='word_1_129' title='bbox 541 2939 709 3017; x_wconf 84' lang='lat' dir='ltr'>Principum</span> <span class='ocrx_word' id='word_1_130' title='bbox 723 2947 753 2996; x_wconf 89' lang='lat' dir='ltr'>et</span> <span class='ocrx_word' id='word_1_131' title='bbox 766 2937 924 2997; x_wconf 87' lang='lat' dir='ltr'>illustrium</span> <span class='ocrx_word' id='word_1_132' title='bbox 938 2957 1135 3017; x_wconf 88' lang='lat' dir='ltr'>personarum.</span> <span class='ocrx_word' id='word_1_133' title='bbox 1402 2959 1461 3018; x_wconf 81' lang='lat'>377</span> 
     </span>
     <span class='ocr_line' id='line_1_27' title="bbox 367 3035 1464 3116; baseline -0.003 -20"><span class='ocrx_word' id='word_1_134' title='bbox 367 3037 437 3096; x_wconf 83' lang='lat' dir='ltr'>Alie</span> <span class='ocrx_word' id='word_1_135' title='bbox 450 3035 619 3116; x_wconf 84' lang='lat' dir='ltr'>Epitaphia.</span> <span class='ocrx_word' id='word_1_136' title='bbox 1402 3055 1464 3114; x_wconf 86' lang='lat'>379</span> 
     </span>
    </p>
   </div>
   <div class='ocr_carea' id='block_1_8' title="bbox 368 3131 1460 3214">
    <p class='ocr_par' dir='ltr' id='par_1_20' title="bbox 368 3131 1460 3214">
     <span class='ocr_line' id='line_1_28' title="bbox 368 3131 1460 3214; baseline -0.001 -21"><span class='ocrx_word' id='word_1_137' title='bbox 368 3135 560 3214; x_wconf 76' lang='lat' dir='ltr'>Epitaphium</span> <span class='ocrx_word' id='word_1_138' title='bbox 574 3131 757 3192; x_wconf 85' lang='lat' dir='ltr'>Venerabilis</span> <span class='ocrx_word' id='word_1_139' title='bbox 771 3131 869 3190; x_wconf 74' lang='lat' dir='ltr'>Bede.</span> <span class='ocrx_word' id='word_1_140' title='bbox 1403 3135 1460 3210; x_wconf 79' lang='lat'>381</span> 
     </span>
    </p>
   </div>
   <div class='ocr_carea' id='block_1_9' title="bbox 368 3227 1465 3980">
    <p class='ocr_par' dir='ltr' id='par_1_21' title="bbox 368 3227 1465 3402">
     <span class='ocr_line' id='line_1_29' title="bbox 368 3227 1358 3310; baseline 0.003 -22"><span class='ocrx_word' id='word_1_141' title='bbox 368 3229 528 3310; x_wconf 79' lang='lat' dir='ltr'>Epitaphia</span> <span class='ocrx_word' id='word_1_142' title='bbox 554 3227 613 3286; x_wconf 91' lang='lat' dir='ltr'>duo</span> <span class='ocrx_word' id='word_1_143' title='bbox 638 3227 785 3286; x_wconf 82' lang='lat' dir='ltr'>Lsntiridi</span> <span class='ocrx_word' id='word_1_144' title='bbox 812 3227 898 3303; x_wconf 88' lang='lat' dir='ltr'>primi</span> <span class='ocrx_word' id='word_1_145' title='bbox 926 3227 1049 3288; x_wconf 83' lang='lat' dir='ltr'>Abbatis</span> <span class='ocrx_word' id='word_1_146' title='bbox 1074 3227 1358 3291; x_wconf 86' lang='lat' dir='ltr'>Benedictoburani:</span> 
     </span>
     <span class='ocr_line' id='line_1_30' title="bbox 408 3321 1465 3402; baseline 0.003 -18"><span class='ocrx_word' id='word_1_147' title='bbox 408 3344 520 3384; x_wconf 87' lang='lat' dir='ltr'>necnon</span> <span class='ocrx_word' id='word_1_148' title='bbox 535 3342 634 3382; x_wconf 84' lang='lat' dir='ltr'>versus</span> <span class='ocrx_word' id='word_1_149' title='bbox 648 3321 685 3381; x_wconf 89' lang='lat' dir='ltr'>de</span> <span class='ocrx_word' id='word_1_150' title='bbox 698 3323 791 3382; x_wconf 91' lang='lat' dir='ltr'>trihus</span> <span class='ocrx_word' id='word_1_151' title='bbox 804 3322 906 3402; x_wconf 89' lang='lat' dir='ltr'>primis</span> <span class='ocrx_word' id='word_1_152' title='bbox 919 3321 1084 3382; x_wconf 86' lang='lat' dir='ltr'>Abbstibus</span> <span class='ocrx_word' id='word_1_153' title='bbox 1097 3323 1161 3400; x_wconf 85' lang='lat' dir='ltr'>ejus</span> <span class='ocrx_word' id='word_1_154' title='bbox 1174 3323 1240 3384; x_wconf 90' lang='lat' dir='ltr'>loci.</span> <span class='ocrx_word' id='word_1_155' title='bbox 1393 3328 1465 3388; x_wconf 92' lang='lat' dir='ltr'>ibid.</span> 
     </span>
    </p>

    <p class='ocr_par' dir='ltr' id='par_1_22' title="bbox 368 3416 1464 3594">
     <span class='ocr_line' id='line_1_31' title="bbox 368 3416 1361 3498; baseline 0.002 -19"><span class='ocrx_word' id='word_1_156' title='bbox 368 3421 572 3480; x_wconf 79' lang='lat' dir='ltr'>Annnnsuur</span> <span class='ocrx_word' id='word_1_157' title='bbox 593 3416 761 3477; x_wconf 87' lang='lat' dir='ltr'>Scholastici</span> <span class='ocrx_word' id='word_1_158' title='bbox 778 3417 899 3498; x_wconf 85' lang='lat' dir='ltr'>Rythmi</span> <span class='ocrx_word' id='word_1_159' title='bbox 913 3416 1107 3496; x_wconf 88' lang='lat' dir='ltr'>Alphabetici‚</span> <span class='ocrx_word' id='word_1_160' title='bbox 1130 3419 1167 3479; x_wconf 91' lang='lat' dir='ltr'>de</span> <span class='ocrx_word' id='word_1_161' title='bbox 1187 3421 1257 3481; x_wconf 87' lang='lat' dir='ltr'>viris</span> <span class='ocrx_word' id='word_1_162' title='bbox 1276 3421 1361 3481; x_wconf 90' lang='lat' dir='ltr'>illus·</span> 
     </span>
     <span class='ocr_line' id='line_1_32' title="bbox 408 3511 1464 3594; baseline -0.002 -22"><span class='ocrx_word' id='word_1_163' title='bbox 408 3514 502 3573; x_wconf 89' lang='lat' dir='ltr'>tribus</span> <span class='ocrx_word' id='word_1_164' title='bbox 515 3513 560 3572; x_wconf 87' lang='lat' dir='ltr'>sui</span> <span class='ocrx_word' id='word_1_165' title='bbox 573 3511 721 3590; x_wconf 88' lang='lat' dir='ltr'>temporis.</span> <span class='ocrx_word' id='word_1_166' title='bbox 1403 3521 1464 3594; x_wconf 75' lang='lat'>3⁸2</span> 
     </span>
    </p>

    <p class='ocr_par' dir='ltr' id='par_1_23' title="bbox 369 3605 1363 3980">
     <span class='ocr_line' id='line_1_33' title="bbox 369 3605 1363 3692; baseline 0.002 -23"><span class='ocrx_word' id='word_1_167' title='bbox 369 3611 508 3670; x_wconf 90' lang='lat' dir='ltr'>Virorum</span> <span class='ocrx_word' id='word_1_168' title='bbox 527 3608 637 3686; x_wconf 87' lang='lat' dir='ltr'>aliquot</span> <span class='ocrx_word' id='word_1_169' title='bbox 659 3605 826 3677; x_wconf 88' lang='lat' dir='ltr'>illustrium,</span> <span class='ocrx_word' id='word_1_170' title='bbox 847 3627 886 3666; x_wconf 89' lang='lat' dir='ltr'>sc.</span> <span class='ocrx_word' id='word_1_171' title='bbox 898 3607 1041 3666; x_wconf 91' lang='lat' dir='ltr'>Willelmi</span> <span class='ocrx_word' id='word_1_172' title='bbox 1060 3607 1279 3692; x_wconf 86' lang='lat' dir='ltr'>Archiepiseopi</span> <span class='ocrx_word' id='word_1_173' title='bbox 1301 3613 1363 3674; x_wconf 88' lang='lat' dir='ltr'>Re.</span> 
     </span>
     <span class='ocr_line' id='line_1_34' title="bbox 409 3701 1360 3787; baseline -0.002 -21"><span class='ocrx_word' id='word_1_174' title='bbox 409 3705 524 3774; x_wconf 87' lang='lat' dir='ltr'>mensis,</span> <span class='ocrx_word' id='word_1_175' title='bbox 553 3703 696 3763; x_wconf 82' lang='lat' dir='ltr'>Ludovici</span> <span class='ocrx_word' id='word_1_176' title='bbox 732 3703 854 3762; x_wconf 89' lang='lat' dir='ltr'>comitis</span> <span class='ocrx_word' id='word_1_177' title='bbox 888 3701 1044 3772; x_wconf 87' lang='lat' dir='ltr'>Blesensis,</span> <span class='ocrx_word' id='word_1_178' title='bbox 1073 3705 1204 3785; x_wconf 91' lang='lat' dir='ltr'>Philippi</span> <span class='ocrx_word' id='word_1_179' title='bbox 1230 3707 1360 3787; x_wconf 78' lang='lat' dir='ltr'>Augusti</span> 
     </span>
     <span class='ocr_line' id='line_1_35' title="bbox 410 3797 1363 3878; baseline 0.001 -15"><span class='ocrx_word' id='word_1_180' title='bbox 410 3805 590 3863; x_wconf 83' lang='lat' dir='ltr'>Francorum</span> <span class='ocrx_word' id='word_1_181' title='bbox 626 3799 727 3877; x_wconf 84' lang='lat' dir='ltr'>Regis,</span> <span class='ocrx_word' id='word_1_182' title='bbox 763 3797 970 3857; x_wconf 81' lang='lat' dir='ltr'>Bartholomsei</span> <span class='ocrx_word' id='word_1_183' title='bbox 1006 3798 1146 3878; x_wconf 81' lang='lat' dir='ltr'>Episcopi</span> <span class='ocrx_word' id='word_1_184' title='bbox 1182 3801 1363 3872; x_wconf 87' lang='lat' dir='ltr'>Parisiensis,</span> 
     </span>
     <span class='ocr_line' id='line_1_36' title="bbox 410 3893 1363 3980; baseline -0.001 -20"><span class='ocrx_word' id='word_1_185' title='bbox 410 3898 536 3960; x_wconf 88' lang='lat' dir='ltr'>Simonis</span> <span class='ocrx_word' id='word_1_186' title='bbox 563 3895 703 3975; x_wconf 82' lang='lat' dir='ltr'>Episcopi</span> <span class='ocrx_word' id='word_1_187' title='bbox 731 3893 901 3963; x_wconf 87' lang='lat' dir='ltr'>Meldensis,</span> <span class='ocrx_word' id='word_1_188' title='bbox 922 3905 953 3952; x_wconf 88' lang='lat' dir='ltr'>et</span> <span class='ocrx_word' id='word_1_189' title='bbox 978 3893 1120 3954; x_wconf 85' lang='lat' dir='ltr'>Armandi</span> <span class='ocrx_word' id='word_1_190' title='bbox 1141 3897 1363 3980; x_wconf 86' lang='lat' dir='ltr'>Archiepiscopi</span> 
     </span>
    </p>
   </div>
   <div class='ocr_carea' id='block_1_10' title="bbox 410 3991 1464 4075">
    <p class='ocr_par' dir='ltr' id='par_1_24' title="bbox 410 3899 1574 4075">
     <span class='ocr_line' id='line_1_37' title="bbox 410 3991 1464 4075; baseline -0.007 -19"><span class='ocrx_word' id='word_1_191' title='bbox 410 3995 566 4074; x_wconf 83' lang='lat' dir='ltr'>Aquensis,</span> <span class='ocrx_word' id='word_1_192' title='bbox 581 3991 697 4070; x_wconf 79' lang='lat' dir='ltr'>Elegia.</span> <span class='ocrx_word' id='word_1_193' title='bbox 1405 4001 1464 4075; x_wconf 78' lang='lat'>383</span> 
     </span>
    </p>
   </div>
   <div class='ocr_carea' id='block_1_11' title="bbox 535 4153 1296 4240">
    <p class='ocr_par' dir='ltr' id='par_1_25' title="bbox 535 4153 1296 4240">
     <span class='ocr_line' id='line_1_38' title="bbox 535 4153 1296 4240; baseline 0 -18"><span class='ocrx_word' id='word_1_194' title='bbox 535 4155 738 4222; x_wconf 80' lang='lat' dir='ltr'>Miscellnnee</span> <span class='ocrx_word' id='word_1_195' title='bbox 753 4153 978 4239; x_wconf 84' lang='lat' dir='ltr'>Epistolarum,</span> <span class='ocrx_word' id='word_1_196' title='bbox 995 4153 1222 4240; x_wconf 83' lang='lat' dir='ltr'>Diplometum,</span> <span class='ocrx_word' id='word_1_197' title='bbox 1241 4159 1296 4222; x_wconf 78' lang='lat' dir='ltr'>bc.</span> 
     </span>
    </p>
   </div>
   <div class='ocr_carea' id='block_1_12' title="bbox 369 4289 1468 4464">
    <p class='ocr_par' dir='ltr' id='par_1_26' title="bbox 369 4289 1468 4464">
     <span class='ocr_line' id='line_1_39' title="bbox 369 4289 1361 4372; baseline -0.005 -15"><span class='ocrx_word' id='word_1_198' title='bbox 369 4299 469 4358; x_wconf 80' lang='lat' dir='ltr'>Avrrr</span> <span class='ocrx_word' id='word_1_199' title='bbox 493 4291 659 4372; x_wconf 84' lang='lat' dir='ltr'>Presbyteri</span> <span class='ocrx_word' id='word_1_200' title='bbox 682 4289 814 4369; x_wconf 78' lang='lat' dir='ltr'>Epistola</span> <span class='ocrx_word' id='word_1_201' title='bbox 836 4290 872 4349; x_wconf 87' lang='lat' dir='ltr'>nd</span> <span class='ocrx_word' id='word_1_202' title='bbox 894 4289 1064 4349; x_wconf 85' lang='lat' dir='ltr'>Paloonium</span> <span class='ocrx_word' id='word_1_203' title='bbox 1086 4290 1265 4371; x_wconf 86' lang='lat' dir='ltr'>Episcopum</span> <span class='ocrx_word' id='word_1_204' title='bbox 1288 4293 1361 4352; x_wconf 83' lang='lat' dir='ltr'>Bre-</span> 
     </span>
     <span class='ocr_line' id='line_1_40' title="bbox 409 4392 1468 4464; baseline -0.003 -12"><span class='ocrx_word' id='word_1_205' title='bbox 409 4410 563 4452; x_wconf 85' lang='lat' dir='ltr'>cnrensem.</span> <span class='ocrx_word' id='word_1_206' title='bbox 1404 4392 1468 4464; x_wconf 82' lang='lat'>386</span> 
     </span>
    </p>
   </div>
   <div class='ocr_carea' id='block_1_13' title="bbox 0 0 1605 5120">
    <p class='ocr_par' dir='ltr' id='par_1_27' title="bbox 0 0 1605 5120">
     <span class='ocr_line' id='line_1_41' title="bbox 0 0 1605 5120; baseline 0 0"><span class='ocrx_word' id='word_1_207' title='bbox 0 0 1605 5120; x_wconf 95' lang='lat' dir='ltr'> </span> 
     </span>
    </p>
   </div>
  </div>
 </body>
</html>
