3192 5112
359 387 403 450 34
721 383 864 450 Fabricii
885 381 1084 450 Bibliotheca.

362 597 585 658 Observationes
607 607 637 656 et
660 595 896 665 Emendationea
916 614 989 674 quaa
1011 593 1115 654 Claud.
1131 591 1291 652 Salmasius
1311 591 1349 652 ad

403 694 538 755 codicem
553 693 691 754 Ecclesia
709 693 865 762 Africanae,
886 690 1224 772 ncurceopmusauo,
1247 689 1337 749 Paria

406 793 491 869 1615.
507 793 534 851 8.
543 791 664 862 editum,
679 811 767 851 manu
781 811 833 850 aua
846 789 1037 868 consignavit.
1393 787 1449 864 165

360 889 574 949 Annotationee
588 899 618 948 et
633 887 858 948 Emendationeo
871 887 902 946 iu
917 885 1055 968 Herycbii
1069 885 1209 945 Lexicon.
1392 901 1447 960 172

361 986 553 1046 Pnununour
569 986 778 1065 Fragmentum
792 1005 845 1065 pro
859 983 1033 1044 Nobilitate.
1391 1000 1448 1059 273

380 1145 498 1211 ‚Liber
523 1145 649 1210 Primus
674 1144 825 1212 Photiani
849 1147 889 1211 do
910 1145 1101 1212 Pauliciauia
1122 1143 1236 1232 operia,
1252 1144 1368 1207 Φωτίου
1395 1147 1449 1206 τοῦ

360 1247 523 1332 ἁγιωτάτου
534 1250 764 1332 ἆρχιεπισκόπου
775 1251 1116 1317 Κωνσταιπινονπόλεως
1131 1251 1164 1313 ἐν
1175 1248 1305 1329 συνόψει
1319 1245 1452 1327 διήγησις

358 1355 418 1416 τῶν
439 1357 612 1434 νεοφαντῶν
634 1353 812 1436 Μανιχαίων
833 1351 1099 1432 ἆναβλαοπήσεως,
1119 1349 1326 1416 Bibliothecae
1342 1347 1451 1414 coisli-

358 1452 471 1532 niente,
504 1455 550 1539 (p.
569 1453 746 1536 849-375.)
777 1475 847 1540 quae
876 1453 1058 1519 doctissimo
1088 1452 1298 1518 Montiaucon
1325 1450 1450 1527 edente,

363 1555 503 1634 Parisiis,
530 1577 614 1621 enno
638 1577 771 1622 unoexv.
795 1557 829 1622 in
850 1557 953 1623 lucem
976 1555 1105 1642 prodiit,
1121 1555 1190 1640 jam
1214 1554 1352 1619 incertus
1369 1559 1450 1618 erat.

360 1657 424 1722 Sed
440 1657 577 1722 Wolfiue
593 1663 612 1694 “
623 1657 833 1722 neceesarium
846 1659 980 1745 putavit,
996 1666 1033 1724 ut
1054 1658 1139 1723 idem
1159 1657 1212 1722 iIIe
1232 1657 1312 1722 liber
1330 1655 1452 1742 prImua

359 1781 431 1826 oum
445 1760 568 1826 oaetoria
581 1761 685 1826 tribua
699 1761 750 1826 hio
764 1763 1002 1828 recuderetur.”

850 1964 958 2038 VIII.

401 2109 425 2174 J
426 2131 544 2176 ouuura
557 2109 720 2174 Anaunnue
735 2109 910 2192 Fannium,
920 2111 969 2176 vir
982 2133 1080 2198 supra
1093 2110 1203 2176 laudea
1216 2129 1305 2174 meae
1318 2109 1449 2195 positus,

360 2220 457 2299 atque
466 2211 587 2276 Wolfio
601 2213 883 2299 coujunotiaeImua,
895 2215 1045 2280 nonnulla
1059 2221 1169 2280 vetera
1185 2213 1394 2278 Monumentu
1408 2213 1450 2276 ad

361 2317 426 2382 Rea
436 2316 675 2382 Ecclesiuatioae
689 2318 877 2404 spectantia,
888 2325 946 2383 aut
955 2318 1109 2383 hactonus
1123 2317 1253 2396 inedita,
1265 2321 1323 2381 aut
1337 2315 1451 2380 saltem

361 2421 492 2500 rariora,
515 2421 580 2486 auia
602 2420 807 2486 Bibliothecia
835 2421 980 2486 inseruit.
1024 2419 1208 2485 Bibbiotieee
1235 2421 1353 2497 Groeoe,
1381 2441 1450 2504 quoe

362 2523 542 2611 Hamburgi
559 2527 625 2610 (an.
641 2525 850 2608 1708-1728)
865 2524 994 2610 prodiit,
1009 2523 1174 2609 sequentia
1188 2521 1395 2588 exhibentur:

360 2679 454 2738 Temo
467 2679 506 2738 V.
528 2679 714 2740 Mrcuannra
728 2679 850 2739 Ponant
865 2679 1026 2738 Διδασκολία
1044 2680 1204 2752 amatori,
1218 2678 1280 2737 aive
1298 2677 1336 2736 de
1356 2677 1451 2736 omni.

574 2777 647 2836 faria
660 2777 802 2838 Doctrina
816 2777 920 2858 Capita
940 2787 971 2837 et
985 2776 1169 2848 Qua-stiones
1189 2795 1223 2834 ac
1237 2774 1452 2854 Responsionea

574 2875 718 2936 CXCIII.
738 2875 775 2934 ad
794 2874 967 2934 Michaelem
988 2873 1101 2933 Ducam
1116 2873 1323 2952 Imperatorem
1339 2870 1431 2929 croi.

576 2975 628 3032 Gr.
640 2974 705 3032 Lat.

363 3071 455 3131 Tomo
470 3071 561 3130 VIII.
582 3073 611 3129 S.
626 3071 753 3130 Baernu
775 3071 877 3149 Magni
899 3069 1084 3130 Precationea
1108 3067 1248 3148 quadam.

577 3167 629 3226 Gr.
644 3167 710 3226 Lat.
1280 3186 1309 3246 p.
1320 3183 1451 3242 92-100.

536 3265 709 3342 Fragmenta
722 3283 759 3323 ex
773 3263 855 3322 libris
869 3261 1055 3324 Euscmnn
1071 3263 1249 3323 Antiocheni

576 3359 743 3439 deperditis.
766 3359 819 3419 Gr.
834 3359 901 3419 Lat.
1256 3380 1285 3440 p.
1303 3359 1451 3436 170-188.

535 3457 679 3516 Euaoau
716 3457 856 3516 Hoeretici
886 3457 1043 3538 Expositio
1072 3457 1165 3516 Fidei.
1198 3457 1251 3516 Gr.

576 3554 643 3615 Lat.
1058 3609 1060 3614 ,
1259 3576 1290 3635 p.
1302 3555 1448 3632 ²53·²⁶0·

536 3653 674 3733 Ejusdem
688 3651 906 3732 Apologeticua.
929 3653 982 3712 Gr.
994 3655 1061 3713 Lat.
1262 3674 1290 3734 p.
1303 3656 1451 3731 262-305.

538 3751 575 3810 B.
601 3750 799 3810 Hmomm
830 3752 999 3832 (Scriptoria
1027 3752 1135 3826 Grati)
1163 3753 1250 3811 Com·

575 3849 716 3908 mentatio
730 3847 767 3907 de
780 3847 875 3907 Senau
886 3849 1109 3908 Christianismi.
1122 3849 1247 3910 (tabat.
1262 3868 1291 3929 p.
1302 3849 1451 3925 377-384.

536 3947 676 4028 Ejusdem
690 3945 876 4026 colloquium
891 3967 956 4006 cum
970 3947 990 4006 J
993 3947 1084 4007 udtao.
1107 3947 1160 4008 Gr.
1168 3949 1234 4008 Lat.
1259 3967 1289 4028 p.
1300 3949 1450 4026 384-398.

365 4047 458 4107 Tomo
472 4043 513 4104 X.
533 4045 565 4106 S.
575 4043 724 4103 Auunnm
736 4044 883 4104 Cretensis
898 4043 1029 4105 Homilia
1042 4045 1078 4106 de
1090 4045 1251 4107 Publicano

578 4153 608 4200 et
620 4141 775 4201 Pharitae.
796 4142 850 4200 (ir.
863 4143 929 4202 Lat.
1261 4165 1291 4224 p.
1306 4159 1450 4221 141-155.

537 4239 672 4300 Precatio
685 4239 722 4298 ad
731 4239 888 4300 Dominum
903 4252 1033 4302 nostrum
1044 4241 1145 4302 Jcaum
1157 4243 1256 4302 Chris·
1305 4281 1310 4288 ·

575 4347 649 4407 tum,
668 4338 821 4404 matutina,
843 4338 1008 4406 meridiana,
1030 4349 1061 4397 et
1081 4340 1256 4420 vespertina.

577 4434 711 4494 cana.
1263 4456 1450 4519 uses-³³9·
