3192 5112
421 375 645 442 EPISTOLA
669 377 733 440 AD
758 377 1014 444 LECTOREM.
1233 382 1275 446 vii

169 587 278 658 opera
310 565 531 658 Scriptorum
567 564 895 638 Ecclesiasticorum
933 569 1155 640 continentes
1193 591 1270 666 quoe

168 707 249 791 post
284 721 416 770 annum
453 698 575 770 salutis
619 719 728 770 unco.
773 723 914 770 excusae
957 709 1049 782 sunt,
1085 703 1269 797 indagavi3

169 853 302 916 omnes,
328 841 370 902 ut
399 853 510 924 spero,
544 839 607 902 aut
637 833 710 902 fere
744 856 876 916 omnes,
907 835 1037 915 inveni,
1068 836 1151 928 ipsis
1180 839 1269 908 meis

168 963 281 1036 oculis
300 965 383 1048 vidi,
400 963 590 1059 diligenter
605 964 730 1036 evolvi.
782 965 888 1049 Quod
905 966 1049 1036 demum
1067 967 1269 1040 confectum

147 1105 233 1180 est,
259 1097 327 1168 tibi
354 1098 484 1169 defero.
536 1097 627 1169 Istas
653 1097 891 1169 Collectiones
918 1099 1051 1183 ordine,
1068 1108 1110 1169 ut
1135 1100 1267 1184 dicunt,

168 1229 426 1326 chronologico,
444 1231 481 1301 id
506 1240 561 1302 est
586 1233 722 1302 ratione
745 1255 917 1302 annorum
939 1232 1067 1325 quibus
1090 1235 1128 1303 in
1151 1234 1267 1304 lucem

168 1363 384 1456 prodierunt,
401 1363 532 1446 habita,
550 1363 715 1456 disposui.
760 1364 898 1436 Titulos
915 1368 1073 1437 omnium
1091 1368 1267 1461 descripsi,

167 1497 323 1568 editores
338 1499 537 1568 nominavi:
563 1521 604 1568 ac
628 1498 780 1590 denique
798 1498 938 1568 Indices
954 1509 1266 1570 monumentorum

168 1631 205 1700 in
235 1629 382 1726 singulis
414 1640 674 1726 contentorum,
703 1640 766 1702 aut
799 1633 1010 1724 transcripsi,
1038 1640 1100 1702 aut
1127 1633 1267 1725 proprio

169 1761 291 1834 Marto
316 1763 463 1836 confeci.
525 1763 808 1836 Observationes
828 1785 925 1834 meas
951 1765 1147 1848 interserui,
1175 1787 1268 1835 raras

115 1909 119 1914 '
167 1905 358 1980 tamense
379 1896 588 1990 plerumque
610 1896 841 1969 brevissimas.
895 1893 1055 1966 Gloriam
1081 1898 1176 1967 enim
1201 1899 1268 1967 mi-

167 2029 264 2099 nime
289 2029 427 2101 affecto.
478 2029 518 2102 Si
538 2053 602 2124 per
624 2052 683 2100 me
708 2030 766 2100 via
791 2027 836 2099 ad
861 2027 977 2098 fontes
1005 2026 1174 2100 Historiae
1201 2027 1268 2100 Ec-

167 2159 374 2234 clesiasticae
408 2163 607 2255 expeditior
638 2169 770 2254 pateat,
801 2160 1019 2230 uberrimum
1053 2159 1176 2230 tulisse
1209 2184 1267 2230 me

167 2293 324 2364 fructum
342 2294 521 2365 industria
541 2317 632 2366 meae
655 2294 799 2388 putabo.
852 2292 944 2364 Haec
969 2294 1065 2363 enim
1088 2294 1268 2364 studiant

167 2426 385 2508 excolantur,
403 2427 454 2498 ita
469 2427 584 2521 cupio,
602 2435 643 2497 ut
660 2427 749 2498 nihil
767 2428 890 2521 magis.

220 2689 318 2762 Dum
344 2691 463 2762 animo
489 2693 697 2784 pendebam,
725 2716 796 2785 quo
826 2701 931 2786 pecto
961 2694 1088 2763 ioetum
1119 2696 1269 2788 φιλοπο-

168 2824 235 2896 νίας
267 2845 356 2895 meae
389 2831 510 2895 tecum
544 2826 850 2906 communicarem,
880 2823 991 2895 Almo
1025 2815 1105 2894 mea
1137 2823 1267 2905 Mater,

169 2956 390 3028 Universitus
408 2955 629 3040 Oxoniensis,
642 2957 731 3028 mihi
758 2957 931 3051 opitulata
957 2964 1147 3048 certatque
1174 2955 1269 3026 hunc

167 3099 360 3162 tractatum
388 3090 586 3183 sumptibus
612 3092 682 3161 suis
705 3091 859 3182 imprimi
886 3091 1032 3161 curavit.
1085 3088 1268 3183 Delegatis

169 3223 264 3294 Preli
281 3222 500 3307 Academici,
517 3221 740 3316 amplissimis
758 3220 867 3306 Viris,
885 3224 1058 3293 maximas
1083 3224 1214 3316 gratias
1231 3231 1268 3292 et

167 3377 246 3448 ago,
264 3362 301 3426 et
317 3355 441 3439 habeo,
459 3357 554 3448 quod
570 3378 629 3427 me
645 3363 746 3426 tanto
764 3355 935 3425 beneficio
952 3356 1119 3426 ornarint.
1163 3354 1267 3438 Vale,

169 3487 302 3559 Lector
329 3489 489 3575 candide,
517 3513 558 3560 ac
588 3512 730 3560 mecum
756 3512 841 3587 rupo
871 3512 948 3583 quor
974 3487 1021 3560 od
1041 3513 1162 3584 pacem
1188 3497 1269 3560 suot

166 3645 373 3720 Jcrrum
426 3647 660 3720 Gloucestriae
674 3647 797 3720 Idibus
811 3647 992 3740 Septemb.
1004 3669 1266 3721 uncccxxmx.
