3172 5108
431 415 561 482 Baluaii
574 423 603 483 et
617 417 727 482 Mataei
740 415 947 484 Mimallones.

137 667 308 728 Genauam
333 667 427 727 Pasa
448 669 502 728 lv.
528 669 664 748 Epistola
687 669 724 728 ad
748 669 911 750 Episcopos
933 679 963 728 et
989 669 1061 729 alios
1082 670 1141 730 Dei

180 764 282 824 fideles
300 784 353 845 per
367 765 491 824 Galliam
507 766 692 837 constitutos,
706 765 743 826 de
764 767 907 846 dignitate
928 777 959 826 et
980 767 1143 846 Privilegiis

182 861 358 922 Monasterii
373 861 575 922 Floriscensis.
1223 883 1244 938 4

139 959 287 1018 anssoss
301 958 393 1017 Pana
404 958 539 1038 Epistola
548 960 585 1020 ad
595 961 758 1021 Bernomm
770 959 915 1020 Abbatem
926 960 1157 1040 Gigniacensem.
1171 959 1242 1020 ibid.

139 1055 278 1136 Epistola
306 1055 431 1114 Leonas
456 1055 550 1116 VIII.
583 1057 620 1117 de
655 1057 820 1137 Privilegiis
847 1057 981 1116 Abbatiae
1015 1057 1143 1117 Montis·

181 1171 309 1229 maJons.
1224 1171 1241 1231 5

140 1249 305 1308 Gaaoonn
317 1251 354 1308 V.
368 1247 503 1329 Epistola
514 1248 551 1309 de
566 1250 731 1330 Privilegiis
745 1249 880 1311 Abbatite
894 1251 1147 1330 Montis-majoch.
1224 1252 1244 1310 6

139 1344 306 1404 Ganaonu
323 1345 414 1404 Pam
429 1345 504 1405 v11.
521 1346 662 1426 Epistola
676 1347 847 1425 quinque—-

223 1442 248 1498 1.
264 1439 315 1500 Ad
329 1443 490 1501 Canonicns
504 1441 645 1502 Ecclesia
660 1443 691 1501 S.
704 1443 811 1502 Hilarii
826 1444 1026 1504 Pictaviensis.
1173 1441 1244 1503 ibid.

225 1537 269 1596 11.
291 1537 342 1597 Ad
356 1539 518 1599 Canonicos
532 1539 672 1600 Ecclesiae
687 1540 881 1600 levacensis.
1172 1541 1243 1601 ibid.

225 1635 286 1694 111.
308 1635 359 1694 Ad
373 1635 544 1696 Germanos.
1226 1657 1243 1714 7

224 1733 278 1791 IV.
300 1731 351 1792 Ad
365 1733 528 1792 Hemicum
544 1733 724 1815 Episcopum
738 1733 958 1793 Leodicensem.
1171 1735 1244 1796 ibid.

227 1829 267 1889 V.
289 1827 341 1888 Ad
355 1829 533 1889 Richardum
549 1829 731 1890 Cardinalem
746 1827 892 1889 Abbatem
906 1829 1129 1891 Massiliensem.
1172 1831 1244 1890 ibid.

143 1927 281 2007 Epistola
304 1927 487 1987 Wsnnnuan
514 1928 604 2006 Regis
625 1927 791 2006 Anglornm
814 1927 851 1987 sd
876 1929 1052 2006 Gregorium
1075 1930 1143 1988 Vll.

186 2023 307 2104 Papam.
1172 2023 1244 2084 ibid.

142 2121 281 2200 Epistola
295 2121 333 2180 B.
348 2121 473 2181 Comitis
487 2121 668 2180 Arelatensis
681 2120 718 2179 ad
732 2119 856 2180 eundem
874 2119 993 2197 Papam.
1172 2121 1244 2182 ibid.

141 2217 267 2277 Litteras
278 2218 436 2278 V1o‘soms
449 2217 607 2299 Antipnpn
621 2218 658 2277 ad
672 2218 829 2278 Albertum
844 2218 1024 2298 Episcopum
1035 2218 1145 2278 Virdn.

186 2334 314 2374 nensem.
1226 2315 1244 2373 8

143 2415 278 2473 Unam
293 2413 387 2472 Pars
401 2413 445 2472 11.
463 2413 597 2492 Epistola
610 2412 648 2472 ad
666 2413 871 2492 Suffraganeos
885 2413 1025 2473 Ecclesia
1039 2413 1143 2474 Arela·

186 2511 287 2570 tensis.
1174 2512 1245 2571 ibid.

144 2607 239 2686 Papo
251 2607 376 2686 qaudam
391 2603 526 2686 Epistola
546 2605 583 2664 ad
606 2605 787 2665 Bernardum
809 2603 1069 2686 Archiepisoopum
1084 2605 1144 2665 To-

186 2703 327 2763 letauum.
1173 2705 1246 2766 ibid.

144 2798 337 2876 Privileginm
353 2798 483 2857 unnim
499 2798 540 2857 11.
556 2797 592 2857 de
607 2797 739 2858 Ecclesia
753 2795 1031 2876 Gratianopolitana.
1175 2799 1245 2860 ibid.

144 2897 287 2976 Ejusdem
302 2895 436 2976 Epistola
456 2895 493 2954 sd
515 2894 636 2954 Petrum
656 2893 848 2974 Praepositum
864 2904 895 2953 et
909 2894 1071 2954 canonicos
1085 2895 1145 2955 Ec-

186 2991 280 3052 clesiae
295 2991 502 3051 Ruthenenais.
1226 3013 1246 3069 9

144 3089 324 3148 Pascaams
339 3087 432 3146 Pasa
446 3085 488 3145 11.
504 3085 639 3165 Epistola
652 3085 688 3145 ad
703 3085 847 3146 Abbatem
863 3097 893 3145 et
908 3086 1069 3147 Monachus
1084 3107 1144 3146 mo-

186 3186 304 3244 nasterii
320 3183 484 3244 Beccensis.
1175 3185 1245 3245 ibid.

144 3281 286 3362 Ejusdem
308 3281 399 3360 Pnpae
420 3279 596 3339 Pascentes
619 3277 753 3359 Epistola
775 3278 812 3337 ad
836 3279 998 3340 Robertum
1023 3279 1145 3360 Episco-

186 3399 257 3457 pum
272 3379 498 3436 Coventranum.
1178 3377 1246 3436 ibid.

145 3475 286 3554 Ia'jusdem
303 3473 392 3552 Papae
407 3472 541 3552 Epistola
555 3471 592 3531 ad
606 3472 761 3532 monachos
776 3473 874 3532 Sancti
887 3473 1007 3552 AEgidii.
1212 3495 1246 3532 10

146 3572 287 3652 Ejusdem
302 3571 392 3649 Pnpae
411 3568 547 3650 Epistola
565 3569 603 3628 nd
617 3568 790 3629 Villelmum
804 3567 1064 3650 Archiepiscopum
1086 3570 1146 3629 Ro-

186 3669 414 3746 thomagensem.
1176 3667 1247 3726 ibid.

145 3765 286 3845 Ejusdem
302 3767 390 3844 Papae
404 3763 539 3844 Epistola
552 3764 589 3823 ad
603 3762 776 3822 Anselmum
793 3763 1053 3843 Arcbiepiscopum
1068 3765 1145 3823 Cau-

186 3861 372 3920 tuariensem.
1172 3861 1244 3920 ibid.

143 3955 328 4014 Psscnsms
343 3955 387 4013 11.
404 3955 500 4014 Panna
522 3953 657 4033 Epistola
678 3953 714 4012 ad
737 3954 865 4013 Clericos
884 3953 1022 4014 Ecclesia
1040 3956 1145 4016 Parisi-

185 4055 273 4124 ensis,
288 4073 344 4132 qna
358 4054 400 4112 eis
414 4052 596 4112 commendat
610 4073 709 4111 eorum
726 4053 904 4132 Episcopum
920 4052 1070 4114 Gelonem.
1210 4076 1242 4114 11

144 4151 283 4231 Ejusdem
299 4147 434 4230 Epistola
449 4147 485 4208 de
499 4149 673 4208 monasterio
693 4149 871 4208 Semichansi
884 4151 914 4208 in
931 4151 1093 4230 Hungsria,
1108 4153 1145 4212 ad

187 4247 346 4326 Hugonem
371 4246 517 4306 Abbatcm
542 4247 709 4306 monasterii
732 4246 832 4306 Sancti
855 4247 963 4327 AEgidii
987 4250 1017 4308 in
1046 4249 1144 4329 Septi·

186 4345 291 4403 mania.
459 4393 467 4404 .
1177 4347 1246 4408 ibid.

146 4443 328 4501 Pssonsma
354 4439 396 4498 ll.
431 4439 522 4498 Pana
559 4439 704 4519 Epistola.
733 4461 790 4518 qua
822 4440 937 4520 pondus
968 4441 1145 4521 Apostolicn
