3164 5104
344 358 404 426 tet
618 359 984 426 mettioeo
999 359 1204 426 Prome.

346 615 444 694 Caput
459 613 513 672 v1.
529 612 707 694 Apocrypira
720 613 793 670 Arta
807 610 839 669 S.
851 611 980 670 Zenonis
994 611 1145 690 Episcopi.
1386 525 1447 679 ἲ

346 710 443 790 Caput
458 707 534 768 Vll.
549 708 755 768 calendarium
771 707 956 766 pistoriense.
1407 705 1447 761 86

346 805 444 886 Caput
459 803 550 862 v111.
566 803 771 862 calendarium
785 803 910 862 alterum
927 803 1111 862 Pistoriense.
1407 819 1447 876 90

346 903 444 982 Caput
466 901 523 960 lx.
550 899 794 980 Martyrologium
823 899 938 959 Adonis
964 898 1182 980 Rosrveydianae
1209 897 1345 956 editionis

385 997 533 1058 conlatum
548 1019 614 1058 oum
630 997 699 1057 MS.
715 997 824 1058 Codice
838 997 971 1056 Archivii
983 995 1169 1055 Pistoriensia
1183 995 1323 1071 Capituli.
1406 995 1447 1070 98

346 1099 443 1175 Caput
457 1095 498 1154 X.
511 1095 606 1155 Varia
628 1094 783 1154 lectiones
803 1094 999 1172 Manumripti
1015 1091 1174 1152 Usuardini
1196 1091 1345 1170 Martyro-

388 1189 468 1269 logii
482 1189 519 1248 ab
534 1189 669 1250 Urnardo
684 1187 722 1248 R.
736 1189 770 1248 P.
786 1188 912 1248 Sollerii.
1310 1189 1446 1263 137-163

692 1367 839 1431 Seormda
853 1367 936 1431 Pars
950 1366 1091 1431 eontinet

349 1505 521 1584 catalogum
538 1503 758 1564 Pistoriensium
774 1503 968 1583 Scriptorum.
1390 1505 1447 1580 ¹⁶5
1573 1502 1574 1540 1

348 1601 548 1682 Appendicem
563 1600 740 1661 ineditorum
753 1601 905 1660 maximam
920 1611 1032 1680 partem
1047 1599 1319 1658 Monumentorum.
1389 1618 1449 1674 ²30

392 1729 456 1794 Sed
479 1749 551 1794 num
572 1727 635 1794 ista
660 1729 872 1794 Monumenta
896 1729 1002 1794 omnia
1023 1730 1065 1794 ad
1087 1728 1265 1806 historiam,
1287 1739 1325 1794 ut
1344 1730 1448 1806 aiunt,
1574 1764 1575 1770 κ

350 1831 540 1898 Litorariam
554 1839 711 1916 spectant,
728 1831 862 1896 indieem
877 1833 1001 1897 omitto.

833 2075 961 2149 XXV.

391 2231 487 2294 Anno
502 2253 630 2295 mouent.
647 2230 750 2295 altera
765 2229 916 2294 Oolleetio
930 2231 972 2294 ab
987 2230 1098 2294 eodem
1115 2229 1287 2293 anmsoo
1302 2229 1449 2292 Ammon

348 2334 510 2398 Ztonrmt
525 2333 613 2398 edita
628 2333 660 2396 in
675 2331 777 2396 lueem
792 2331 920 2416 prodiit.
959 2331 1129 2417 Inscriptio
1143 2331 1218 2396 talis
1232 2339 1301 2397 est:

346 2521 614 2592 Aneedotorum
633 2519 748 2591 Medii
765 2519 846 2590 AEvi
871 2521 1064 2591 maximam
1089 2529 1226 2613 partem
1250 2543 1298 2590 ex
1320 2519 1448 2590 Archi-

424 2639 474 2707 vis
505 2635 777 2706 pistoriensibus
811 2635 984 2706 Collectio
1018 2659 1040 2706 a
1070 2635 1256 2707 Francisoo
1286 2635 1447 2706 Antonio
1577 2623 1578 2632 ¹

422 2751 594 2822 Zacharia
619 2751 809 2822 Societatis
826 2751 924 2835 Jesu,
938 2774 1033 2821 nune
1051 2751 1192 2822 Estensi
1211 2749 1449 2822 Bibliothecae

421 2867 607 2950 Praefecto,
628 2869 808 2938 adornata
858 2866 1052 2938 Adeedunt
1077 2867 1106 2937 Ι.
1158 2865 1274 2937 Breve
1298 2867 1450 2938 Chroni-

421 3005 488 3052 eon
523 3004 641 3051 rerum
681 2981 725 3052 ad
768 2979 963 3051 Historiam
1004 2981 1157 3062 Sacram,
1192 2981 1448 3072 profanamque

421 3097 669 3189 spectantium,
703 3119 784 3188 quae
825 3097 862 3166 in
896 3095 1093 3166 Aneedotis
1131 3097 1372 3166 eontinentur.
1396 3093 1446 3164 II.

422 3213 538 3282 Series
573 3211 828 3305 Episooporum
864 3211 1131 3282 pistoriensium
1165 3234 1188 3281 a
1222 3209 1447 3281 Ferdinando

423 3327 591 3420 Ughellio
632 3329 785 3420 primum
829 3335 1006 3410 contexte„
1045 3349 1067 3396 a
1110 3325 1262 3396 Nioolao
1305 3326 1446 3397 Coletio

421 3443 549 3513 deinde
573 3441 833 3535 aliquantulum
858 3451 971 3524 aucta,
989 3466 1083 3513 nunc
1107 3444 1151 3514 ab
1174 3444 1301 3513 eodem
1319 3443 1445 3513 horum

421 3557 687 3628 Aneodotomm
712 3559 848 3629 editore
874 3582 920 3628 ex
945 3558 1000 3628 his
1026 3559 1109 3652 ipsis
1130 3561 1372 3630 monumentis
1394 3583 1446 3630 re-

421 3675 557 3744 stituta.
599 3673 776 3768 Augustis
794 3674 1026 3746 Taurinorum
1047 3695 1206 3745 moestu.
1257 3673 1315 3746 Ex
1332 3675 1445 3768 Typo·

419 3789 565 3884 graphia
583 3789 705 3883 Regia.
758 3789 986 3884 Superiorem
1007 3793 1190 3884 permissu.
1242 3791 1286 3862 In
1303 3797 1378 3863 tto.

478 4001 581 4066 Index
595 3999 751 4068 classium
766 4001 800 4065 in
814 4025 894 4086 quaa
908 4002 1078 4068 Aneodota
1091 4003 1214 4069 tributa
1229 4013 1314 4069 sunt.

582 4149 662 4212 Pars
678 4145 798 4212 Prima.
836 4147 972 4213 Politioa
988 4148 1205 4214 Monumenta.

344 4276 452 4338 Classis
472 4275 497 4333 1.
520 4275 649 4345 Stetuta,
665 4276 788 4355 aliaque.
803 4278 908 4355 quibus
930 4277 1096 4338 Italicarum
1120 4279 1242 4338 Urbium
1266 4282 1344 4360 regi.

385 4393 451 4432 meo
467 4371 563 4431 medio
577 4391 639 4430 avo
654 4373 828 4433 continetur.
1336 4379 1409 4456 Peg.
1425 4397 1433 4436 ι
