3192 5112
415 373 504 436 Perii
529 373 698 440 riarum
719 373 949 438 Amcdoturunr.
1192 377 1231 438 31

131 543 272 624 Ejusdem
284 541 417 604 Libellus
428 543 594 602 Gratiarum
607 541 742 600 Actionis
757 560 844 620 super
855 541 1046 602 Dedicatiouc
1060 561 1133 600 nova
1183 557 1235 606 σοι.

175 640 315 700 Ecclesia
331 641 504 700 lilonasterii
520 639 576 698 sui.
1179 657 1233 718 197

133 737 274 818 Ejusdem
296 736 518 814 Breviloquium
544 736 581 795 (le
606 735 745 795 lucendio
771 735 910 796 Ecclesia
936 737 967 795 S.
983 737 1133 796 Lamberti

175 831 291 909 Leodij.
1176 848 1233 907 207

134 928 273 1008 Ejrrrdem
286 928 504 986 Laohrimnrurn
520 927 627 985 Libelli
643 929 703 986 lll.
1177 947 1230 988 211

133 1025 275 1104 Ejusdem
290 1024 326 1082 de
342 1024 482 1083 Profectu
497 1024 605 1082 Mortis
620 1025 702 1084 Libri
719 1025 762 1082 ll.
1177 1045 1236 1102 249

133 1123 287 1182 Auum
313 1121 479 1201 Presbyteri
503 1121 540 1180 sd
563 1121 594 1179 S.
614 1122 757 1199 Magnum
783 1121 961 1189 Ratisbonoe,
985 1123 1058 1180 Ord.
1077 1123 1133 1181 Ca·

217 1218 314 1277 nonic.
343 1217 482 1296 Regular.
513 1218 544 1276 S.
568 1218 729 1296 Augustini
755 1218 921 1277 Chronieon
947 1219 1090 1278 Generale
1117 1241 1134 1278 a

177 1315 298 1373 Christo
309 1325 380 1374 nato
394 1315 536 1392 usquead
551 1335 658 1372 aunum
675 1333 848 1372 uccccxxrr.

135 1413 251 1471 ΕΜ
266 1411 392 1478 Srnvu,
407 1423 509 1490 pones
527 1413 574 1470 Pu
587 1413 629 1470 11.
647 1411 799 1470 Pontificio
816 1412 942 1472 Maximi
958 1412 1136 1492 Peutslogus

176 1508 213 1568 de
229 1509 330 1568 Rebus
344 1509 484 1568 Ecclesiae
498 1521 528 1568 et
543 1509 672 1588 Imperii.
1119 1497 1123 1506 ¹
1176 1514 1234 1586 637

136 1606 332 1666 Eumuunrcr
353 1606 492 1664 Monachi
517 1617 548 1666 ct
563 1606 688 1665 Abbatis
711 1605 901 1666 Elvvacensis
922 1606 996 1666 Ord.
1012 1607 1043 1666 S.
1060 1608 1134 1666 Ben.

179 1703 321 1782 Dialogus
349 1701 386 1762 de
410 1703 482 1760 Vita
510 1715 540 1762 et
568 1703 723 1761 llliraeulis
753 1703 789 1760 B.
814 1703 970 1783 Hariolphi
994 1703 1134 1784 Episcopi

179 1799 382 1876 Lingouensis,
412 1799 589 1858 Fundatoris
616 1811 646 1859 et
675 1799 800 1858 Abbatis
825 1799 999 1860 lilonusterii
1027 1801 1135 1858 Elvva.

178 1895 281 1954 censis.
1177 1915 1233 1974 745

136 1991 304 2051 chronicon
327 1991 507 2052 Elvvacensa
528 1993 676 2070 integrum
700 2004 731 2050 et
755 1993 914 2070 genuinum
937 1993 1136 2054 aNativitnte
1238 2046 1240 2050 ,

179 2085 289 2146 Christi
305 2109 397 2166 usque
411 2087 448 2147 ad
461 2109 569 2148 sunum
585 2107 783 2146 ucocctxxrv.
1180 2109 1194 2164 7
1199 2111 1237 2166 59

381 2269 488 2328 Omnia
501 2289 579 2328 nunc
593 2269 728 2348 primum,
744 2269 798 2326 &a
813 2287 888 2326 anno
909 2285 993 2342 ¹723·

181 2445 302 2510 'lomus
320 2443 458 2524 Quintus
478 2443 631 2540 Thesauri
654 2443 782 2508 Pariani
805 2444 926 2528 gaudet
948 2443 1053 2522 titulo,
1069 2465 1163 2528 quem
1187 2444 1238 2508 hie

136 2547 293 2612 axsonbo.

140 2707 269 2802 Magni
303 2707 479 2780 Gnuuoffl
510 2707 628 2778 seculo
655 2707 746 2778 XII.
778 2707 961 2800 Praeposiu
992 2707 1241 2800 Beicheraper-

216 2825 333 2919 gensis
350 2807 356 2818 ¹
373 2823 459 2894 Ord.
498 2823 585 2893 Can.
620 2823 710 2918 Reg.
750 2823 787 2892 S.
822 2823 918 2916 Aug.
954 2823 1241 2893 Commentarius

218 2938 360 3010 Aureus
385 2941 422 3008 in
441 2938 599 3009 Psalmos
623 2947 660 3008 et
678 2938 826 3008 Cantica
844 2937 1003 3020 Ferialia,
1021 2961 1091 3030 quo
1115 2947 1242 3030 praeter

218 3055 370 3147 amplam
398 3054 685 3145 luculentamque
715 3053 836 3123 Diviui
861 3055 966 3148 hujus
995 3054 1075 3124 libri
1103 3055 1242 3148 exposi-

218 3173 353 3241 tionem
393 3193 522 3264 magua
555 3193 695 3261 quoque
729 3193 808 3262 pars
849 3170 1006 3242 historiae
1040 3179 1243 3240 coutrover-

219 3290 419 3380 siarumque
448 3287 590 3356 illorum
618 3295 819 3379 temporum
846 3289 1058 3357 continetur.
1111 3285 1243 3356 Acces-

219 3412 350 3486 serunt,
368 3403 428 3472 ubi
455 3401 516 3472 ille
546 3402 676 3485 deficit,
703 3402 950 3496 supplementa
975 3405 1170 3474 necessaria
1195 3425 1240 3472 ex

219 3520 377 3589 noudum
411 3519 508 3588 edito
543 3519 580 3586 in
614 3517 758 3588 eosdem
790 3517 949 3590 Psalmos
976 3519 1242 3590 Commentario

221 3634 300 3706 Viri
344 3635 469 3704 eodem
512 3633 630 3704 seculo
673 3634 779 3729 longe
814 3635 1043 3706 Celeberrimi
1079 3633 1244 3705 Hououu

221 3749 580 3822 Auousroouuuuns
608 3749 694 3820 Ord.
726 3749 764 3820 S.
794 3751 882 3820 Ben.
937 3750 1118 3822 Prodeant
1149 3773 1244 3820 nuno

221 3867 339 3936 omnia
354 3867 510 3958 primum
536 3875 614 3934 tum
634 3866 790 3955 junctim
809 3889 891 3936 eum
910 3865 1054 3957 reliquis
1075 3862 1246 3936 Thesauri

221 3979 474 4051 Anecdoiorum
493 3977 685 4050 Novissimi
701 3980 832 4061 Tomis,
850 4001 999 4071 quorum
1018 3979 1076 4049 hie
1096 3978 1246 4068 Quintus

221 4105 285 4178 est,
315 4107 393 4165 tum
426 4097 535 4164 etiam
569 4095 768 4187 separatim,
797 4117 842 4162 ex
875 4094 986 4165 MSS.
1018 4095 1130 4165 Codd.
1163 4092 1246 4162 Rei-

221 4211 419 4304 chersperg.
444 4219 482 4280 et
509 4209 709 4280 Mellicens.
761 4208 853 4292 Cum
881 4211 1062 4282 lndicibus
1088 4231 1247 4282 neeessa-

220 4329 281 4398 riis
313 4327 447 4421 publici
474 4327 565 4418 juris
593 4326 697 4409 faeta,
728 4349 834 4420 opera
864 4335 902 4397 et
933 4328 1051 4399 studio
1075 4327 1154 4396 RR.
1174 4323 1246 4397 ΡΡ.

219 4443 391 4516 Beruardi
417 4443 489 4514 Pau
513 4443 737 4514 Benedictini
763 4453 800 4520 es
822 4443 1089 4514 Bibliotheearii
1109 4439 1246 4511 Mallio.
