3172 5108
424 409 554 477 ΒΜ
567 419 596 476 ot
609 409 719 476 Monoi
734 409 943 476 Misceldmoo.

131 665 216 725 XVI.
231 663 376 725 Definitio
389 673 490 724 conus
502 661 641 740 injustam
655 660 983 720 excommunicationem
997 661 1028 719 in
1040 659 1131 720 Savo.

171 763 301 822 narolam
316 783 368 842 per
383 763 427 821 M.
445 761 617 820 Psomuou
629 759 873 818 Barnunrnorr
884 759 1046 819 Lunensem
1057 761 1130 820 Ord.

172 859 326 918 predicat.
340 858 429 918 edita.
1170 875 1229 937 593

130 956 275 1037 Epistolte
290 956 456 1016 Historicae.
1172 973 1229 1034 595

128 1055 180 1112 Jo.
195 1055 325 1113 uram
345 1055 456 1112 Maera
477 1054 548 1112 Dux
568 1051 804 1120 Mediolanensis,
817 1061 848 1110 et
864 1051 1048 1112 Lunovrcus
1068 1053 1132 1131 ejus

170 1161 296 1230 patruus
308 1149 480 1209 Alexandro
492 1149 551 1209 vl.
1160 1151 1231 1211 ibid.

131 1248 232 1306 Duces
247 1247 409 1307 Mediolani
423 1257 449 1306 et
464 1247 541 1306 Bari
555 1245 682 1305 Alfonso
696 1246 771 1324 Regi
786 1244 993 1325 Neapolitano.
1161 1248 1232 1308 ibid.

129 1343 336 1402 Auentinen
349 1343 407 1404 v1.
423 1343 585 1402 Mediolani
600 1354 631 1403 et
646 1343 716 1402 Bari
731 1343 874 1402 Ducibus.

131 1439 198 1498 Rex
213 1440 386 1500 Aurenses
400 1441 533 1499 Ducibus
547 1439 711 1499 Mediolani
727 1449 757 1499 et
769 1439 848 1498 Bari.

130 1535 304 1596 Paancrsor
333 1539 482 1596 Cunnum
504 1537 678 1596 Narniensis
704 1537 808 1596 Oratio
835 1535 872 1594 ad
894 1535 1129 1595 Maximilianum

171 1635 313 1693 Cesarem
342 1633 512 1712 Augustum
539 1634 571 1691 in
599 1635 754 1692 Conventu
775 1632 933 1692 Vindelico
961 1633 1130 1713 Principum

171 1729 311 1789 German.
336 1729 414 1790 dicta
434 1749 488 1810 pro
512 1729 663 1790 Libertate
691 1729 795 1800 Italiae,
819 1729 880 1790 sive
904 1751 958 1810 pro
979 1731 1131 1791 Ludovico

171 1825 285 1886 Sfortia
298 1826 459 1886 Mediolani
473 1827 566 1886 Duce.
1054 1844 1113 1904 597
1128 1839 1232 1908 etseq.

128 1923 353 1983 Maximilianus
368 1923 566 1982 Romanorum
588 1923 655 1983 Rex
677 1922 827 1983 Friderico
852 1923 959 1983 Sicilie
973 1935 1003 1984 et
1018 1925 1129 1985 Hieru.

170 2019 361 2100 11111131εῑ-
1172 2037 1230 2100 597

126 2117 259 2177 Joannee
278 2117 452 2178 Dominicus
473 2117 572 2176 Mansi
591 2117 629 2178 de
651 2116 776 2196 geminis
796 2117 955 2198 Opusculis
968 2119 1071 2179 Jacobi
1091 2119 1129 2180 de

170 2225 276 2274 natura
296 2235 403 2285 rerum,
417 2226 448 2274 et
462 2215 585 2274 Pretelli
606 2214 643 2275 de
663 2214 734 2274 locis
752 2225 837 2275 terrae
852 2215 1049 2275 Hierusalem.
1064 2217 1128 2276 Ad·

171 2313 295 2372 monitio
307 2312 344 2371 ad
357 2313 505 2372 Lectores.
1171 2313 1229 2371 602

129 2409 269 2490 Syllabas
282 2407 447 2468 Auctorum
462 2407 513 2486 qui
527 2407 666 2475 citantur,
681 2415 832 2474 notantur,
847 2405 1050 2475 emendantur,
1062 2407 1130 2468 illu.

170 2506 345 2568 strantnrin
359 2503 697 2565 notisadLactantium.
1169 2507 1225 2583 603

227 2821 386 2887 Elenohus
400 2843 511 2888 eorum
524 2843 595 2908 quse
608 2821 643 2886 in
658 2820 801 2887 Snonsno
816 2820 907 2886 Touo
921 2821 1133 2886 continentur.

128 2985 274 3065 Epistola
304 2985 369 3044 dne
397 2985 537 3044 Sunrrrrr
573 2984 698 3044 Savum
727 2984 894 3065 Presbyteri
921 2982 1064 3062 Aquitani
1092 2986 1130 3045 ad

171 3081 324 3142 Claudiam
339 3102 466 3142 sororem
480 3102 572 3142 suam
1116 3083 1188 3162 Pag.
1204 3103 1229 3144 r.

129 3179 341 3255 Fragmentum
355 3179 556 3238 Tunononrrr
571 3176 608 3237 de
623 3177 779 3238 Trinitate.
1214 3199 1230 3258 7

127 3273 225 3332 Aliud
239 3277 364 3355 qy'ucdmn
378 3285 479 3335 cenna
493 3273 664 3334 Sabellium.
1159 3277 1230 3337 ibid.

126 3371 231 3431 Avrrr
245 3371 385 3452 Episcopi
399 3372 576 3432 Viennensis
590 3370 733 3450 Epistolae
745 3379 880 3448 quatuor.
1210 3393 1230 3451 9

126 3469 272 3548 Ejusdem
286 3469 449 3547 fragmenta
464 3467 531 3527 libri
545 3467 582 3528 de
595 3467 759 3526 Divinitate
774 3467 903 3546 Spiritus
916 3465 1026 3528 Sancti.
1194 3489 1229 3528 10

127 3566 307 3644 Fragmenta
320 3564 507 3644 epistolarum
523 3565 666 3623 Paunrur
681 3564 821 3643 Episcopi
835 3562 1043 3642 Aquilejensis.
1157 3567 1229 3627 ibid.

127 3661 161 3721 S.
179 3661 345 3721 Gnaooarr
360 3661 448 3741 Papoe
462 3659 592 3741 epistole
605 3659 642 3718 ad
656 3659 794 3719 diversos.
1193 3684 1225 3724 11

127 3758 271 3839 Ejusdem
285 3757 420 3837 Epistola
433 3757 471 3817 ud
485 3758 606 3818 Petrum
622 3756 850 3816 Subdisconum.
1156 3761 1227 3821 ibid.

127 3855 322 3912 Beonannnr
337 3853 428 3932 Regis
442 3853 608 3913 Gothorum
623 3851 758 3932 Epistola
771 3853 809 3912 ed
823 3853 854 3913 S.
871 3854 1055 3933 Gregorium.
1190 3877 1225 3916 sn

125 3952 293 4010 chrnraru
307 3949 449 4031 Episcopi
461 3949 707 4028 Carthaginiensis
721 3949 845 4030 epistola
857 3949 895 4010 ed
908 3950 941 4010 S.
951 3953 1124 4032 Gregorium

170 4049 292 4128 Papam.
1193 4073 1202 4110 r
1208 4073 1224 4128 3

125 4151 158 4206 S.
183 4147 388 4205 Hrnnsrousr
412 4143 551 4223 Episcopi
577 4143 713 4203 Toletani
735 4143 825 4203 Liber
847 4144 1068 4204 adnotationum
1090 4147 1126 4206 de

169 4242 284 4303 Ordine
298 4240 453 4321 Baptismi.
1190 4263 1223 4322 15

127 4340 269 4420 Ejusdem
290 4337 379 4396 Liber
403 4335 439 4396 de
464 4337 568 4396 itinere
589 4335 715 4407 Deserti,
730 4357 788 4416 qno
810 4335 942 4416 pergitur
960 4347 1026 4416 post
1049 4337 1124 4416 Bap-

167 4438 298 4496 tismum.
1189 4455 1227 4512 39

736 4549 760 4586 Μ
776 4547 792 4602 3
