<?xml version="1.0" encoding="UTF-8"?>
<!DOCTYPE html PUBLIC "-//W3C//DTD XHTML 1.0 Transitional//EN"
    "http://www.w3.org/TR/xhtml1/DTD/xhtml1-transitional.dtd">
<html xmlns="http://www.w3.org/1999/xhtml" xml:lang="en" lang="en">
 <head>
  <title>
</title>
<meta http-equiv="Content-Type" content="text/html;charset=utf-8" />
  <meta name='ocr-system' content='tesseract 3.04.00' />
  <meta name='ocr-capabilities' content='ocr_page ocr_carea ocr_par ocr_line ocrx_word'/>
</head>
<body>
  <div class='ocr_page' id='page_1' title='image "./notitiascriptor01dowlgoog_0073.png"; bbox 0 0 3192 5112; ppageno 0'>
   <div class='ocr_carea' id='block_1_1' title="bbox 1395 539 1570 610">
    <p class='ocr_par' dir='ltr' id='par_1_1' title="bbox 1395 539 1570 610">
     <span class='ocr_line' id='line_1_1' title="bbox 1395 539 1570 610; baseline 0 -50"><span class='ocrx_word' id='word_1_1' title='bbox 1395 539 1570 610; x_wconf 44' lang='lat' dir='ltr'><strong>Q.</strong></span> 
     </span>
    </p>
   </div>
   <div class='ocr_carea' id='block_1_2' title="bbox 374 627 1456 904">
    <p class='ocr_par' dir='ltr' id='par_1_2' title="bbox 374 627 1456 904">
     <span class='ocr_line' id='line_1_2' title="bbox 374 627 1355 708; baseline -0.001 -21"><span class='ocrx_word' id='word_1_2' title='bbox 374 629 491 688; x_wconf 80' lang='lat' dir='ltr'><strong>llanrnr</strong></span> <span class='ocrx_word' id='word_1_3' title='bbox 514 627 781 708; x_wconf 70' lang='lat' dir='ltr'><strong>Hierosolymorum</strong></span> <span class='ocrx_word' id='word_1_4' title='bbox 807 627 980 688; x_wconf 81' lang='lat' dir='ltr'><strong>Patriarcbss</strong></span> <span class='ocrx_word' id='word_1_5' title='bbox 1003 627 1137 708; x_wconf 73' lang='lat' dir='ltr'><strong>Epistola</strong></span> <span class='ocrx_word' id='word_1_6' title='bbox 1159 627 1196 686; x_wconf 89' lang='lat' dir='ltr'><strong>ad</strong></span> <span class='ocrx_word' id='word_1_7' title='bbox 1220 627 1355 686; x_wconf 84' lang='lat' dir='ltr'><strong>Carnium</strong></span> 
     </span>
     <span class='ocr_line' id='line_1_3' title="bbox 413 724 1456 806; baseline -0.001 -20"><span class='ocrx_word' id='word_1_8' title='bbox 413 726 535 786; x_wconf 83' lang='lat' dir='ltr'><strong>Calvum</strong></span> <span class='ocrx_word' id='word_1_9' title='bbox 550 727 767 806; x_wconf 78' lang='lat' dir='ltr'><strong>Imperatorem,</strong></span> <span class='ocrx_word' id='word_1_10' title='bbox 783 725 943 806; x_wconf 84' lang='lat' dir='ltr'><strong>Episcopus</strong></span> <span class='ocrx_word' id='word_1_11' title='bbox 956 746 989 785; x_wconf 91' lang='lat' dir='ltr'><strong>ac</strong></span> <span class='ocrx_word' id='word_1_12' title='bbox 1002 724 1125 785; x_wconf 90' lang='lat' dir='ltr'><strong>Nobiles</strong></span> <span class='ocrx_word' id='word_1_13' title='bbox 1139 725 1310 785; x_wconf 85' lang='lat' dir='ltr'><strong>Galliarum.</strong></span> <span class='ocrx_word' id='word_1_14' title='bbox 1384 725 1456 786; x_wconf 84' lang='lat' dir='ltr'>ibid.</span> 
     </span>
     <span class='ocr_line' id='line_1_4' title="bbox 376 821 1356 904; baseline -0.001 -21"><span class='ocrx_word' id='word_1_15' title='bbox 376 824 555 904; x_wconf 75' lang='lat' dir='ltr'><strong>Proceptum</strong></span> <span class='ocrx_word' id='word_1_16' title='bbox 570 823 784 882; x_wconf 72' lang='lat' dir='ltr'><strong>Cannouaresr</strong></span> <span class='ocrx_word' id='word_1_17' title='bbox 800 821 976 882; x_wconf 81' lang='lat' dir='ltr'><strong>Francorum</strong></span> <span class='ocrx_word' id='word_1_18' title='bbox 991 821 1080 901; x_wconf 74' lang='lat' dir='ltr'><strong>Regis</strong></span> <span class='ocrx_word' id='word_1_19' title='bbox 1100 823 1130 880; x_wconf 89' lang='lat' dir='ltr'><strong>in</strong></span> <span class='ocrx_word' id='word_1_20' title='bbox 1150 823 1271 902; x_wconf 77' lang='lat' dir='ltr'><strong>gratiam</strong></span> <span class='ocrx_word' id='word_1_21' title='bbox 1286 823 1356 882; x_wconf 82' lang='lat' dir='ltr'><strong>Mo-</strong></span> 
     </span>
    </p>
   </div>
   <div class='ocr_carea' id='block_1_3' title="bbox 414 917 1572 1012">
    <p class='ocr_par' dir='ltr' id='par_1_3' title="bbox 414 917 1572 1012">
     <span class='ocr_line' id='line_1_5' title="bbox 414 917 1572 1012; baseline 0.002 -34"><span class='ocrx_word' id='word_1_22' title='bbox 414 919 530 978; x_wconf 89' lang='lat' dir='ltr'><strong>nasterii</strong></span> <span class='ocrx_word' id='word_1_23' title='bbox 545 917 577 977; x_wconf 89' lang='lat' dir='ltr'><strong>S.</strong></span> <span class='ocrx_word' id='word_1_24' title='bbox 588 917 749 998; x_wconf 85' lang='lat' dir='ltr'><strong>Polycarpi,</strong></span> <span class='ocrx_word' id='word_1_25' title='bbox 763 919 794 976; x_wconf 91' lang='lat' dir='ltr'><strong>in</strong></span> <span class='ocrx_word' id='word_1_26' title='bbox 808 917 933 978; x_wconf 87' lang='lat' dir='ltr'><strong>Dioeoeai</strong></span> <span class='ocrx_word' id='word_1_27' title='bbox 944 918 1136 978; x_wconf 73' lang='lat' dir='ltr'><strong>Narbonensi.</strong></span> <span class='ocrx_word' id='word_1_28' title='bbox 1396 919 1458 996; x_wconf 79' lang='lat'><strong>364</strong></span> <span class='ocrx_word' id='word_1_29' title='bbox 1571 980 1572 1012; x_wconf 76' lang='lat'><strong>,</strong></span> 
     </span>
    </p>
   </div>
   <div class='ocr_carea' id='block_1_4' title="bbox 374 1015 1457 1486">
    <p class='ocr_par' dir='ltr' id='par_1_4' title="bbox 374 1015 1457 1486">
     <span class='ocr_line' id='line_1_6' title="bbox 374 1015 1357 1096; baseline 0.002 -22"><span class='ocrx_word' id='word_1_30' title='bbox 374 1015 512 1096; x_wconf 83' lang='lat' dir='ltr'><strong>Ejusdem</strong></span> <span class='ocrx_word' id='word_1_31' title='bbox 527 1016 718 1096; x_wconf 71' lang='lat' dir='ltr'><strong>Procopium,</strong></span> <span class='ocrx_word' id='word_1_32' title='bbox 732 1036 790 1094; x_wconf 92' lang='lat' dir='ltr'><strong>quo</strong></span> <span class='ocrx_word' id='word_1_33' title='bbox 810 1016 905 1075; x_wconf 90' lang='lat' dir='ltr'><strong>omnia</strong></span> <span class='ocrx_word' id='word_1_34' title='bbox 919 1035 983 1094; x_wconf 75' lang='lat' dir='ltr'><strong>qun</strong></span> <span class='ocrx_word' id='word_1_35' title='bbox 996 1035 1014 1074; x_wconf 88' lang='lat' dir='ltr'><strong>s</strong></span> <span class='ocrx_word' id='word_1_36' title='bbox 1027 1015 1281 1095; x_wconf 72' lang='lat' dir='ltr'><strong>predecessoribus</strong></span> <span class='ocrx_word' id='word_1_37' title='bbox 1296 1018 1357 1076; x_wconf 83' lang='lat' dir='ltr'><strong>suis</strong></span> 
     </span>
     <span class='ocr_line' id='line_1_7' title="bbox 415 1112 1457 1180; baseline 0 -8"><span class='ocrx_word' id='word_1_38' title='bbox 415 1113 552 1172; x_wconf 76' lang='lat' dir='ltr'><strong>Ecclesiae</strong></span> <span class='ocrx_word' id='word_1_39' title='bbox 566 1113 769 1172; x_wconf 83' lang='lat' dir='ltr'><strong>Aurelianensi</strong></span> <span class='ocrx_word' id='word_1_40' title='bbox 783 1133 916 1172; x_wconf 88' lang='lat' dir='ltr'><strong>concessa</strong></span> <span class='ocrx_word' id='word_1_41' title='bbox 929 1123 1007 1180; x_wconf 87' lang='lat' dir='ltr'><strong>sunt,</strong></span> <span class='ocrx_word' id='word_1_42' title='bbox 1022 1112 1182 1172; x_wconf 87' lang='lat' dir='ltr'><strong>confirmat.</strong></span> <span class='ocrx_word' id='word_1_43' title='bbox 1387 1112 1457 1173; x_wconf 82' lang='lat' dir='ltr'><strong>rbid</strong></span> 
     </span>
     <span class='ocr_line' id='line_1_8' title="bbox 376 1209 1356 1290; baseline 0.001 -21"><span class='ocrx_word' id='word_1_44' title='bbox 376 1211 522 1270; x_wconf 69' lang='lat' dir='ltr'><strong>Canobus</strong></span> <span class='ocrx_word' id='word_1_45' title='bbox 537 1213 676 1270; x_wconf 81' lang='lat' dir='ltr'><strong>Cnassus</strong></span> <span class='ocrx_word' id='word_1_46' title='bbox 690 1211 765 1290; x_wconf 88' lang='lat' dir='ltr'><strong>Imp.</strong></span> <span class='ocrx_word' id='word_1_47' title='bbox 781 1209 931 1269; x_wconf 81' lang='lat' dir='ltr'><strong>confirmat</strong></span> <span class='ocrx_word' id='word_1_48' title='bbox 947 1221 1121 1290; x_wconf 74' lang='lat' dir='ltr'><strong>praeceptum</strong></span> <span class='ocrx_word' id='word_1_49' title='bbox 1135 1209 1267 1268; x_wconf 86' lang='lat' dir='ltr'><strong>Lotharii</strong></span> <span class='ocrx_word' id='word_1_50' title='bbox 1281 1209 1356 1290; x_wconf 88' lang='lat' dir='ltr'><strong>Imp.</strong></span> 
     </span>
     <span class='ocr_line' id='line_1_9' title="bbox 415 1307 1457 1386; baseline 0 -20"><span class='ocrx_word' id='word_1_51' title='bbox 415 1309 446 1366; x_wconf 92' lang='lat' dir='ltr'><strong>in</strong></span> <span class='ocrx_word' id='word_1_52' title='bbox 459 1309 580 1386; x_wconf 79' lang='lat' dir='ltr'><strong>gratiam</strong></span> <span class='ocrx_word' id='word_1_53' title='bbox 593 1307 726 1366; x_wconf 78' lang='lat' dir='ltr'><strong>Abbatiae</strong></span> <span class='ocrx_word' id='word_1_54' title='bbox 741 1307 865 1366; x_wconf 83' lang='lat' dir='ltr'><strong>Grandis</strong></span> <span class='ocrx_word' id='word_1_55' title='bbox 879 1307 983 1366; x_wconf 88' lang='lat' dir='ltr'><strong>Vallis.</strong></span> <span class='ocrx_word' id='word_1_56' title='bbox 1397 1308 1457 1385; x_wconf 80' lang='lat'><strong>³⁶5</strong></span> 
     </span>
     <span class='ocr_line' id='line_1_10' title="bbox 377 1403 1357 1486; baseline 0 -21"><span class='ocrx_word' id='word_1_57' title='bbox 377 1406 564 1486; x_wconf 79' lang='lat' dir='ltr'><strong>Privilegium</strong></span> <span class='ocrx_word' id='word_1_58' title='bbox 580 1405 780 1466; x_wconf 76' lang='lat' dir='ltr'><strong>Rsoasrarnr</strong></span> <span class='ocrx_word' id='word_1_59' title='bbox 795 1404 1011 1486; x_wconf 80' lang='lat' dir='ltr'><strong>Archiepiscopi</strong></span> <span class='ocrx_word' id='word_1_60' title='bbox 1025 1403 1210 1475; x_wconf 89' lang='lat' dir='ltr'><strong>Viennensis,</strong></span> <span class='ocrx_word' id='word_1_61' title='bbox 1224 1425 1283 1484; x_wconf 86' lang='lat' dir='ltr'><strong>quo</strong></span> <span class='ocrx_word' id='word_1_62' title='bbox 1300 1405 1357 1465; x_wconf 90' lang='lat' dir='ltr'><strong>Ec·</strong></span> 
     </span>
    </p>
   </div>
   <div class='ocr_carea' id='block_1_5' title="bbox 416 1501 1574 1582">
    <p class='ocr_par' dir='ltr' id='par_1_5' title="bbox 416 1501 1574 1582">
     <span class='ocr_line' id='line_1_11' title="bbox 416 1501 1574 1582; baseline -0.003 -18"><span class='ocrx_word' id='word_1_63' title='bbox 416 1503 508 1564; x_wconf 79' lang='lat' dir='ltr'><strong>clesiae</strong></span> <span class='ocrx_word' id='word_1_64' title='bbox 523 1503 553 1562; x_wconf 87' lang='lat' dir='ltr'><strong>S.</strong></span> <span class='ocrx_word' id='word_1_65' title='bbox 562 1503 682 1562; x_wconf 78' lang='lat' dir='ltr'><strong>Anarsr</strong></span> <span class='ocrx_word' id='word_1_66' title='bbox 697 1503 727 1560; x_wconf 91' lang='lat' dir='ltr'><strong>in</strong></span> <span class='ocrx_word' id='word_1_67' title='bbox 742 1502 821 1562; x_wconf 89' lang='lat' dir='ltr'><strong>Villa</strong></span> <span class='ocrx_word' id='word_1_68' title='bbox 833 1503 959 1582; x_wconf 79' lang='lat' dir='ltr'><strong>Vogoria</strong></span> <span class='ocrx_word' id='word_1_69' title='bbox 972 1503 1047 1562; x_wconf 90' lang='lat' dir='ltr'><strong>bons</strong></span> <span class='ocrx_word' id='word_1_70' title='bbox 1059 1501 1155 1560; x_wconf 85' lang='lat' dir='ltr'><strong>omnia</strong></span> <span class='ocrx_word' id='word_1_71' title='bbox 1168 1503 1305 1562; x_wconf 71' lang='lat' dir='ltr'><strong>restituit.</strong></span> <span class='ocrx_word' id='word_1_72' title='bbox 1386 1503 1458 1562; x_wconf 86' lang='lat' dir='ltr'><strong>ibid.</strong></span> <span class='ocrx_word' id='word_1_73' title='bbox 1573 1504 1574 1530; x_wconf 63' lang='lat'>¹</span> 
     </span>
    </p>
   </div>
   <div class='ocr_carea' id='block_1_6' title="bbox 377 1598 1463 3141">
    <p class='ocr_par' dir='ltr' id='par_1_6' title="bbox 377 1598 1463 3141">
     <span class='ocr_line' id='line_1_12' title="bbox 377 1598 1357 1680; baseline 0 -20"><span class='ocrx_word' id='word_1_74' title='bbox 377 1601 557 1680; x_wconf 79' lang='lat' dir='ltr'><strong>Praeceptum</strong></span> <span class='ocrx_word' id='word_1_75' title='bbox 572 1600 692 1659; x_wconf 76' lang='lat' dir='ltr'><strong>Omma</strong></span> <span class='ocrx_word' id='word_1_76' title='bbox 711 1599 887 1660; x_wconf 75' lang='lat' dir='ltr'><strong>Francorum</strong></span> <span class='ocrx_word' id='word_1_77' title='bbox 909 1599 999 1678; x_wconf 82' lang='lat' dir='ltr'><strong>Regis</strong></span> <span class='ocrx_word' id='word_1_78' title='bbox 1022 1598 1053 1656; x_wconf 92' lang='lat' dir='ltr'><strong>in</strong></span> <span class='ocrx_word' id='word_1_79' title='bbox 1074 1599 1195 1676; x_wconf 82' lang='lat' dir='ltr'><strong>gratiam</strong></span> <span class='ocrx_word' id='word_1_80' title='bbox 1218 1600 1302 1662; x_wconf 87' lang='lat' dir='ltr'><strong>Mon.</strong></span> <span class='ocrx_word' id='word_1_81' title='bbox 1326 1599 1357 1660; x_wconf 85' lang='lat' dir='ltr'><strong>S.</strong></span> 
     </span>
     <span class='ocr_line' id='line_1_13' title="bbox 417 1697 1461 1778; baseline -0.002 -22"><span class='ocrx_word' id='word_1_82' title='bbox 417 1697 578 1778; x_wconf 82' lang='lat' dir='ltr'><strong>Polycarpi,</strong></span> <span class='ocrx_word' id='word_1_83' title='bbox 592 1698 623 1756; x_wconf 89' lang='lat' dir='ltr'><strong>in</strong></span> <span class='ocrx_word' id='word_1_84' title='bbox 637 1697 763 1756; x_wconf 87' lang='lat' dir='ltr'><strong>Dioeoesi</strong></span> <span class='ocrx_word' id='word_1_85' title='bbox 777 1697 968 1756; x_wconf 77' lang='lat' dir='ltr'><strong>Narbonensi.</strong></span> <span class='ocrx_word' id='word_1_86' title='bbox 1399 1697 1461 1772; x_wconf 83' lang='lat'><strong>366</strong></span> 
     </span>
     <span class='ocr_line' id='line_1_14' title="bbox 378 1789 1459 1874; baseline -0.002 -20"><span class='ocrx_word' id='word_1_87' title='bbox 378 1795 565 1874; x_wconf 77' lang='lat' dir='ltr'><strong>privilegium</strong></span> <span class='ocrx_word' id='word_1_88' title='bbox 580 1793 719 1854; x_wconf 83' lang='lat' dir='ltr'><strong>Fonsrosr</strong></span> <span class='ocrx_word' id='word_1_89' title='bbox 735 1793 826 1852; x_wconf 76' lang='lat' dir='ltr'><strong>Pasa</strong></span> <span class='ocrx_word' id='word_1_90' title='bbox 839 1795 870 1852; x_wconf 92' lang='lat' dir='ltr'><strong>in</strong></span> <span class='ocrx_word' id='word_1_91' title='bbox 883 1794 1001 1872; x_wconf 84' lang='lat' dir='ltr'><strong>gratiam</strong></span> <span class='ocrx_word' id='word_1_92' title='bbox 1016 1792 1100 1850; x_wconf 89' lang='lat' dir='ltr'><strong>Mon.</strong></span> <span class='ocrx_word' id='word_1_93' title='bbox 1115 1789 1146 1850; x_wconf 88' lang='lat' dir='ltr'><strong>S.</strong></span> <span class='ocrx_word' id='word_1_94' title='bbox 1158 1793 1305 1854; x_wconf 89' lang='lat' dir='ltr'><strong>Tenderii.</strong></span> <span class='ocrx_word' id='word_1_95' title='bbox 1388 1793 1459 1854; x_wconf 86' lang='lat' dir='ltr'><strong>ibid.</strong></span> 
     </span>
     <span class='ocr_line' id='line_1_15' title="bbox 378 1890 1357 1972; baseline 0 -20"><span class='ocrx_word' id='word_1_96' title='bbox 378 1894 557 1972; x_wconf 77' lang='lat' dir='ltr'><strong>Praeceptum</strong></span> <span class='ocrx_word' id='word_1_97' title='bbox 571 1893 724 1951; x_wconf 84' lang='lat' dir='ltr'><strong>Lunovror</strong></span> <span class='ocrx_word' id='word_1_98' title='bbox 741 1890 829 1969; x_wconf 85' lang='lat' dir='ltr'><strong>Regis</strong></span> <span class='ocrx_word' id='word_1_99' title='bbox 843 1890 1021 1970; x_wconf 74' lang='lat' dir='ltr'><strong>Burgundios</strong></span> <span class='ocrx_word' id='word_1_100' title='bbox 1041 1890 1072 1947; x_wconf 92' lang='lat' dir='ltr'><strong>in</strong></span> <span class='ocrx_word' id='word_1_101' title='bbox 1091 1891 1212 1968; x_wconf 82' lang='lat' dir='ltr'><strong>gratiam</strong></span> <span class='ocrx_word' id='word_1_102' title='bbox 1227 1891 1357 1970; x_wconf 84' lang='lat' dir='ltr'><strong>ejusdem</strong></span> 
     </span>
     <span class='ocr_line' id='line_1_16' title="bbox 417 1991 1457 2065; baseline 0 -17"><span class='ocrx_word' id='word_1_103' title='bbox 417 1991 597 2049; x_wconf 88' lang='lat' dir='ltr'><strong>Monasterii.</strong></span> <span class='ocrx_word' id='word_1_104' title='bbox 1399 1991 1457 2065; x_wconf 83' lang='lat'><strong>367</strong></span> 
     </span>
     <span class='ocr_line' id='line_1_17' title="bbox 379 2073 1358 2168; baseline 0 -24"><span class='ocrx_word' id='word_1_105' title='bbox 379 2086 559 2166; x_wconf 69' lang='lat' dir='ltr'><strong>Praeceptum</strong></span> <span class='ocrx_word' id='word_1_106' title='bbox 574 2087 691 2146; x_wconf 78' lang='lat' dir='ltr'><strong>Canonr</strong></span> <span class='ocrx_word' id='word_1_107' title='bbox 708 2087 872 2146; x_wconf 80' lang='lat' dir='ltr'><strong>Srrsrnrors</strong></span> <span class='ocrx_word' id='word_1_108' title='bbox 887 2087 1064 2148; x_wconf 81' lang='lat' dir='ltr'><strong>Francorum</strong></span> <span class='ocrx_word' id='word_1_109' title='bbox 1079 2073 1219 2168; x_wconf 68' lang='lat' dir='ltr'><strong>liegis&#39;in</strong></span> <span class='ocrx_word' id='word_1_110' title='bbox 1238 2086 1358 2165; x_wconf 78' lang='lat' dir='ltr'><strong>gratiam</strong></span> 
     </span>
     <span class='ocr_line' id='line_1_18' title="bbox 418 2183 1460 2244; baseline 0.002 -2"><span class='ocrx_word' id='word_1_111' title='bbox 418 2184 501 2244; x_wconf 92' lang='lat' dir='ltr'><strong>Mon.</strong></span> <span class='ocrx_word' id='word_1_112' title='bbox 517 2185 547 2243; x_wconf 90' lang='lat' dir='ltr'><strong>S.</strong></span> <span class='ocrx_word' id='word_1_113' title='bbox 559 2183 667 2242; x_wconf 88' lang='lat' dir='ltr'><strong>Aniani</strong></span> <span class='ocrx_word' id='word_1_114' title='bbox 681 2184 710 2242; x_wconf 93' lang='lat' dir='ltr'><strong>in</strong></span> <span class='ocrx_word' id='word_1_115' title='bbox 726 2184 851 2244; x_wconf 85' lang='lat' dir='ltr'><strong>Dioecesi</strong></span> <span class='ocrx_word' id='word_1_116' title='bbox 866 2184 1059 2244; x_wconf 69' lang='lat' dir='ltr'><strong>Narbonensi.</strong></span> <span class='ocrx_word' id='word_1_117' title='bbox 1389 2183 1460 2244; x_wconf 85' lang='lat' dir='ltr'><strong>ibid.</strong></span> 
     </span>
     <span class='ocr_line' id='line_1_19' title="bbox 379 2281 1361 2361; baseline 0 -21"><span class='ocrx_word' id='word_1_118' title='bbox 379 2281 510 2361; x_wconf 74' lang='lat' dir='ltr'><strong>Epistola</strong></span> <span class='ocrx_word' id='word_1_119' title='bbox 533 2281 679 2357; x_wconf 61' lang='lat' dir='ltr'><strong>orpssdom</strong></span> <span class='ocrx_word' id='word_1_120' title='bbox 706 2281 825 2340; x_wconf 79' lang='lat' dir='ltr'><strong>Adbotic</strong></span> <span class='ocrx_word' id='word_1_121' title='bbox 845 2282 1017 2341; x_wconf 77' lang='lat' dir='ltr'><strong>Monnsterii</strong></span> <span class='ocrx_word' id='word_1_122' title='bbox 1043 2283 1074 2342; x_wconf 81' lang='lat' dir='ltr'><strong>S.</strong></span> <span class='ocrx_word' id='word_1_123' title='bbox 1089 2281 1224 2342; x_wconf 79' lang='lat' dir='ltr'><strong>Germani</strong></span> <span class='ocrx_word' id='word_1_124' title='bbox 1248 2281 1284 2340; x_wconf 87' lang='lat' dir='ltr'><strong>sd</strong></span> <span class='ocrx_word' id='word_1_125' title='bbox 1305 2281 1361 2340; x_wconf 87' lang='lat' dir='ltr'><strong>vi·</strong></span> 
     </span>
     <span class='ocr_line' id='line_1_20' title="bbox 392 2379 1462 2460; baseline 0 -22"><span class='ocrx_word' id='word_1_126' title='bbox 392 2443 394 2448; x_wconf 63' lang='grc'>,</span> <span class='ocrx_word' id='word_1_127' title='bbox 418 2379 521 2438; x_wconf 92' lang='lat' dir='ltr'><strong>donem</strong></span> <span class='ocrx_word' id='word_1_128' title='bbox 537 2379 713 2459; x_wconf 88' lang='lat' dir='ltr'><strong>Episcopum</strong></span> <span class='ocrx_word' id='word_1_129' title='bbox 729 2379 951 2446; x_wconf 83' lang='lat' dir='ltr'><strong>virdunensem,</strong></span> <span class='ocrx_word' id='word_1_130' title='bbox 966 2379 1003 2440; x_wconf 87' lang='lat' dir='ltr'><strong>dc</strong></span> <span class='ocrx_word' id='word_1_131' title='bbox 1018 2381 1176 2460; x_wconf 81' lang='lat' dir='ltr'><strong>Hungsris.</strong></span> <span class='ocrx_word' id='word_1_132' title='bbox 1401 2379 1462 2455; x_wconf 80' lang='lat'><strong>368</strong></span> 
     </span>
     <span class='ocr_line' id='line_1_21' title="bbox 380 2475 1359 2558; baseline 0 -22"><span class='ocrx_word' id='word_1_133' title='bbox 380 2477 517 2558; x_wconf 83' lang='lat' dir='ltr'><strong>Ejusdem</strong></span> <span class='ocrx_word' id='word_1_134' title='bbox 530 2477 586 2536; x_wconf 90' lang='lat' dir='ltr'><strong>alia</strong></span> <span class='ocrx_word' id='word_1_135' title='bbox 597 2475 739 2556; x_wconf 88' lang='lat' dir='ltr'><strong>Epistola,</strong></span> <span class='ocrx_word' id='word_1_136' title='bbox 751 2497 801 2536; x_wconf 86' lang='lat' dir='ltr'><strong>cnr</strong></span> <span class='ocrx_word' id='word_1_137' title='bbox 815 2475 951 2542; x_wconf 75' lang='lat' dir='ltr'><strong>Ecclesiae</strong></span> <span class='ocrx_word' id='word_1_138' title='bbox 965 2475 995 2536; x_wconf 90' lang='lat' dir='ltr'><strong>in</strong></span> <span class='ocrx_word' id='word_1_139' title='bbox 1010 2477 1175 2536; x_wconf 86' lang='lat' dir='ltr'><strong>memoriam</strong></span> <span class='ocrx_word' id='word_1_140' title='bbox 1189 2476 1359 2536; x_wconf 85' lang='lat' dir='ltr'><strong>Sanctorum</strong></span> 
     </span>
     <span class='ocr_line' id='line_1_22' title="bbox 419 2571 1462 2649; baseline -0.002 -17"><span class='ocrx_word' id='word_1_141' title='bbox 419 2575 533 2634; x_wconf 79' lang='lat' dir='ltr'><strong>Veteris</strong></span> <span class='ocrx_word' id='word_1_142' title='bbox 548 2574 726 2633; x_wconf 76' lang='lat' dir='ltr'><strong>Testamenti</strong></span> <span class='ocrx_word' id='word_1_143' title='bbox 740 2593 798 2632; x_wconf 91' lang='lat' dir='ltr'><strong>non</strong></span> <span class='ocrx_word' id='word_1_144' title='bbox 812 2571 991 2633; x_wconf 86' lang='lat' dir='ltr'><strong>dedicentur.</strong></span> <span class='ocrx_word' id='word_1_145' title='bbox 1400 2591 1462 2649; x_wconf 85' lang='lat'><strong>370</strong></span> 
     </span>
     <span class='ocr_line' id='line_1_23' title="bbox 380 2669 1360 2748; baseline -0.002 -17"><span class='ocrx_word' id='word_1_146' title='bbox 380 2673 595 2732; x_wconf 82' lang='lat' dir='ltr'><strong>Gnrnnnnrrus</strong></span> <span class='ocrx_word' id='word_1_147' title='bbox 621 2671 691 2729; x_wconf 86' lang='lat' dir='ltr'><strong>Dux</strong></span> <span class='ocrx_word' id='word_1_148' title='bbox 715 2669 882 2748; x_wconf 70' lang='lat' dir='ltr'><strong>Aquitanis</strong></span> <span class='ocrx_word' id='word_1_149' title='bbox 907 2669 1044 2741; x_wconf 87' lang='lat' dir='ltr'><strong>decernit,</strong></span> <span class='ocrx_word' id='word_1_150' title='bbox 1065 2681 1100 2730; x_wconf 90' lang='lat' dir='ltr'><strong>ut</strong></span> <span class='ocrx_word' id='word_1_151' title='bbox 1119 2691 1217 2731; x_wconf 87' lang='lat' dir='ltr'><strong>mensa</strong></span> <span class='ocrx_word' id='word_1_152' title='bbox 1236 2671 1360 2730; x_wconf 87' lang='lat' dir='ltr'><strong>Canoni-</strong></span> 
     </span>
     <span class='ocr_line' id='line_1_24' title="bbox 419 2765 1462 2832; baseline -0.007 0"><span class='ocrx_word' id='word_1_153' title='bbox 419 2793 516 2832; x_wconf 91' lang='lat' dir='ltr'><strong>corum</strong></span> <span class='ocrx_word' id='word_1_154' title='bbox 532 2771 744 2830; x_wconf 88' lang='lat' dir='ltr'><strong>Brivstensium</strong></span> <span class='ocrx_word' id='word_1_155' title='bbox 760 2769 855 2829; x_wconf 86' lang='lat' dir='ltr'><strong>ablata</strong></span> <span class='ocrx_word' id='word_1_156' title='bbox 868 2771 1068 2829; x_wconf 87' lang='lat' dir='ltr'><strong>restituantur.</strong></span> <span class='ocrx_word' id='word_1_157' title='bbox 1391 2765 1462 2826; x_wconf 91' lang='lat' dir='ltr'><strong>ibid.</strong></span> 
     </span>
     <span class='ocr_line' id='line_1_25' title="bbox 380 2864 1361 2946; baseline -0.006 -16"><span class='ocrx_word' id='word_1_158' title='bbox 380 2871 598 2931; x_wconf 88' lang='lat' dir='ltr'><strong>Testamentum</strong></span> <span class='ocrx_word' id='word_1_159' title='bbox 622 2868 767 2927; x_wconf 81' lang='lat' dir='ltr'><strong>Hnnrvnr</strong></span> <span class='ocrx_word' id='word_1_160' title='bbox 792 2867 929 2946; x_wconf 84' lang='lat' dir='ltr'><strong>Episcopi</strong></span> <span class='ocrx_word' id='word_1_161' title='bbox 953 2864 1107 2936; x_wconf 86' lang='lat' dir='ltr'><strong>Eduensis,</strong></span> <span class='ocrx_word' id='word_1_162' title='bbox 1131 2885 1189 2944; x_wconf 92' lang='lat' dir='ltr'><strong>quo</strong></span> <span class='ocrx_word' id='word_1_163' title='bbox 1209 2865 1284 2926; x_wconf 89' lang='lat' dir='ltr'><strong>bona</strong></span> <span class='ocrx_word' id='word_1_164' title='bbox 1303 2885 1361 2924; x_wconf 90' lang='lat' dir='ltr'><strong>non</strong></span> 
     </span>
     <span class='ocr_line' id='line_1_26' title="bbox 420 2965 1460 3048; baseline -0.008 -21"><span class='ocrx_word' id='word_1_165' title='bbox 420 2987 510 3048; x_wconf 88' lang='lat' dir='ltr'><strong>panca</strong></span> <span class='ocrx_word' id='word_1_166' title='bbox 524 2965 661 3026; x_wconf 73' lang='lat' dir='ltr'><strong>Ecclesia</strong></span> <span class='ocrx_word' id='word_1_167' title='bbox 675 2985 733 3023; x_wconf 81' lang='lat' dir='ltr'><strong>sure</strong></span> <span class='ocrx_word' id='word_1_168' title='bbox 747 2965 868 3024; x_wconf 86' lang='lat' dir='ltr'><strong>confert.</strong></span> <span class='ocrx_word' id='word_1_169' title='bbox 1403 2977 1460 3036; x_wconf 79' lang='lat'><strong>371</strong></span> 
     </span>
     <span class='ocr_line' id='line_1_27' title="bbox 382 3059 1463 3141; baseline -0.007 -17"><span class='ocrx_word' id='word_1_170' title='bbox 382 3063 527 3124; x_wconf 81' lang='lat' dir='ltr'><strong>Fundatio</strong></span> <span class='ocrx_word' id='word_1_171' title='bbox 541 3061 664 3141; x_wconf 75' lang='lat' dir='ltr'><strong>Capella</strong></span> <span class='ocrx_word' id='word_1_172' title='bbox 679 3061 710 3120; x_wconf 93' lang='lat' dir='ltr'><strong>S.</strong></span> <span class='ocrx_word' id='word_1_173' title='bbox 719 3061 739 3119; x_wconf 83' lang='lat' dir='ltr'>J</span> <span class='ocrx_word' id='word_1_174' title='bbox 742 3059 839 3119; x_wconf 90' lang='lat' dir='ltr'><strong>uliano</strong></span> <span class='ocrx_word' id='word_1_175' title='bbox 853 3060 963 3120; x_wconf 75' lang='lat' dir='ltr'><strong>dicatae.</strong></span> <span class='ocrx_word' id='word_1_176' title='bbox 1404 3075 1463 3132; x_wconf 74' lang='lat'><strong>372</strong></span> 
     </span>
    </p>
   </div>
   <div class='ocr_carea' id='block_1_7' title="bbox 382 3157 1363 3240">
    <p class='ocr_par' dir='ltr' id='par_1_7' title="bbox 382 3157 1363 3240">
     <span class='ocr_line' id='line_1_28' title="bbox 382 3157 1363 3240; baseline -0.008 -19"><span class='ocrx_word' id='word_1_177' title='bbox 382 3162 561 3240; x_wconf 78' lang='lat' dir='ltr'><strong>Praeceptum</strong></span> <span class='ocrx_word' id='word_1_178' title='bbox 578 3159 723 3218; x_wconf 79' lang='lat' dir='ltr'><strong>Huoosrs</strong></span> <span class='ocrx_word' id='word_1_179' title='bbox 738 3157 830 3216; x_wconf 75' lang='lat' dir='ltr'><strong>Italic</strong></span> <span class='ocrx_word' id='word_1_180' title='bbox 844 3157 934 3236; x_wconf 77' lang='lat' dir='ltr'><strong>Regis</strong></span> <span class='ocrx_word' id='word_1_181' title='bbox 948 3169 978 3218; x_wconf 91' lang='lat' dir='ltr'><strong>et</strong></span> <span class='ocrx_word' id='word_1_182' title='bbox 988 3157 1109 3217; x_wconf 87' lang='lat' dir='ltr'><strong>Comitis</strong></span> <span class='ocrx_word' id='word_1_183' title='bbox 1123 3157 1291 3227; x_wconf 76' lang='lat' dir='ltr'><strong>Provincia,</strong></span> <span class='ocrx_word' id='word_1_184' title='bbox 1305 3175 1363 3234; x_wconf 88' lang='lat' dir='ltr'><strong>quo</strong></span> 
     </span>
    </p>
   </div>
   <div class='ocr_carea' id='block_1_8' title="bbox 382 3251 1471 4498">
    <p class='ocr_par' dir='ltr' id='par_1_8' title="bbox 382 3251 1463 3430">
     <span class='ocr_line' id='line_1_29' title="bbox 421 3251 1463 3332; baseline -0.006 -15"><span class='ocrx_word' id='word_1_185' title='bbox 421 3257 626 3317; x_wconf 86' lang='lat' dir='ltr'><strong>confirmantur</strong></span> <span class='ocrx_word' id='word_1_186' title='bbox 639 3273 703 3332; x_wconf 82' lang='lat' dir='ltr'><strong>quse</strong></span> <span class='ocrx_word' id='word_1_187' title='bbox 717 3254 897 3313; x_wconf 87' lang='lat' dir='ltr'><strong>Monssterio</strong></span> <span class='ocrx_word' id='word_1_188' title='bbox 911 3255 942 3314; x_wconf 88' lang='lat' dir='ltr'><strong>S.</strong></span> <span class='ocrx_word' id='word_1_189' title='bbox 955 3255 1091 3315; x_wconf 87' lang='lat' dir='ltr'><strong>Tenderii</strong></span> <span class='ocrx_word' id='word_1_190' title='bbox 1104 3254 1208 3315; x_wconf 89' lang='lat' dir='ltr'><strong>collata</strong></span> <span class='ocrx_word' id='word_1_191' title='bbox 1220 3265 1298 3314; x_wconf 87' lang='lat' dir='ltr'><strong>sunt.</strong></span> <span class='ocrx_word' id='word_1_192' title='bbox 1391 3251 1463 3312; x_wconf 90' lang='lat' dir='ltr'><strong>ibid.</strong></span> 
     </span>
     <span class='ocr_line' id='line_1_30' title="bbox 382 3350 1363 3430; baseline -0.004 -16"><span class='ocrx_word' id='word_1_193' title='bbox 382 3357 501 3414; x_wconf 74' lang='lat' dir='ltr'><strong>Lnosrs</strong></span> <span class='ocrx_word' id='word_1_194' title='bbox 516 3353 609 3410; x_wconf 76' lang='lat' dir='ltr'><strong>Parra</strong></span> <span class='ocrx_word' id='word_1_195' title='bbox 625 3351 698 3410; x_wconf 91' lang='lat' dir='ltr'><strong>v11.</strong></span> <span class='ocrx_word' id='word_1_196' title='bbox 714 3350 847 3430; x_wconf 87' lang='lat' dir='ltr'><strong>Epistola</strong></span> <span class='ocrx_word' id='word_1_197' title='bbox 864 3350 902 3410; x_wconf 85' lang='lat' dir='ltr'><strong>ad</strong></span> <span class='ocrx_word' id='word_1_198' title='bbox 916 3351 1072 3430; x_wconf 77' lang='lat' dir='ltr'><strong>Hugonem</strong></span> <span class='ocrx_word' id='word_1_199' title='bbox 1088 3353 1263 3412; x_wconf 75' lang='lat' dir='ltr'><strong>Francorum</strong></span> <span class='ocrx_word' id='word_1_200' title='bbox 1280 3351 1363 3410; x_wconf 88' lang='lat' dir='ltr'><strong>Prin-</strong></span> 
     </span>
    </p>

    <p class='ocr_par' dir='ltr' id='par_1_9' title="bbox 384 3447 1463 3820">
     <span class='ocr_line' id='line_1_31' title="bbox 421 3447 1463 3531; baseline -0.001 -21"><span class='ocrx_word' id='word_1_201' title='bbox 421 3453 523 3531; x_wconf 87' lang='lat' dir='ltr'><strong>cipem,</strong></span> <span class='ocrx_word' id='word_1_202' title='bbox 538 3470 570 3509; x_wconf 90' lang='lat' dir='ltr'><strong>ac</strong></span> <span class='ocrx_word' id='word_1_203' title='bbox 585 3450 615 3510; x_wconf 89' lang='lat' dir='ltr'><strong>S.</strong></span> <span class='ocrx_word' id='word_1_204' title='bbox 624 3449 745 3508; x_wconf 89' lang='lat' dir='ltr'><strong>Martini</strong></span> <span class='ocrx_word' id='word_1_205' title='bbox 759 3449 935 3508; x_wconf 87' lang='lat' dir='ltr'><strong>Turonensis</strong></span> <span class='ocrx_word' id='word_1_206' title='bbox 949 3447 1102 3509; x_wconf 83' lang='lat' dir='ltr'><strong>Abbatem.</strong></span> <span class='ocrx_word' id='word_1_207' title='bbox 1404 3463 1463 3523; x_wconf 84' lang='lat'><strong>373</strong></span> 
     </span>
     <span class='ocr_line' id='line_1_32' title="bbox 384 3545 1364 3626; baseline -0.003 -19"><span class='ocrx_word' id='word_1_208' title='bbox 384 3547 577 3608; x_wconf 79' lang='lat' dir='ltr'><strong>Snnrnssns</strong></span> <span class='ocrx_word' id='word_1_209' title='bbox 595 3547 792 3606; x_wconf 83' lang='lat' dir='ltr'><strong>Arvernorum</strong></span> <span class='ocrx_word' id='word_1_210' title='bbox 813 3545 976 3626; x_wconf 85' lang='lat' dir='ltr'><strong>Episcopus</strong></span> <span class='ocrx_word' id='word_1_211' title='bbox 995 3547 1174 3606; x_wconf 81' lang='lat' dir='ltr'><strong>Liriniaoum</strong></span> <span class='ocrx_word' id='word_1_212' title='bbox 1195 3545 1285 3605; x_wconf 88' lang='lat' dir='ltr'><strong>donat</strong></span> <span class='ocrx_word' id='word_1_213' title='bbox 1305 3545 1364 3604; x_wconf 89' lang='lat' dir='ltr'><strong>Ec-</strong></span> 
     </span>
     <span class='ocr_line' id='line_1_33' title="bbox 397 3643 1463 3718; baseline -0.002 -14"><span class='ocrx_word' id='word_1_214' title='bbox 397 3705 401 3712; x_wconf 70' lang='lat'><strong>,</strong></span> <span class='ocrx_word' id='word_1_215' title='bbox 422 3643 514 3704; x_wconf 80' lang='lat' dir='ltr'><strong>clesioe</strong></span> <span class='ocrx_word' id='word_1_216' title='bbox 529 3645 560 3704; x_wconf 90' lang='lat' dir='ltr'><strong>S.</strong></span> <span class='ocrx_word' id='word_1_217' title='bbox 572 3645 591 3703; x_wconf 88' lang='lat' dir='ltr'>J</span> <span class='ocrx_word' id='word_1_218' title='bbox 594 3645 683 3704; x_wconf 90' lang='lat' dir='ltr'><strong>uliani</strong></span> <span class='ocrx_word' id='word_1_219' title='bbox 697 3643 884 3704; x_wconf 85' lang='lat' dir='ltr'><strong>Brivatsnsis.</strong></span> <span class='ocrx_word' id='word_1_220' title='bbox 1405 3657 1463 3718; x_wconf 78' lang='lat'><strong>373</strong></span> 
     </span>
     <span class='ocr_line' id='line_1_34' title="bbox 384 3739 1364 3820; baseline 0.001 -22"><span class='ocrx_word' id='word_1_221' title='bbox 384 3740 498 3800; x_wconf 90' lang='lat' dir='ltr'><strong>Electio</strong></span> <span class='ocrx_word' id='word_1_222' title='bbox 518 3742 550 3802; x_wconf 84' lang='lat' dir='ltr'><strong>S.</strong></span> <span class='ocrx_word' id='word_1_223' title='bbox 567 3743 669 3802; x_wconf 91' lang='lat' dir='ltr'><strong>Maioli</strong></span> <span class='ocrx_word' id='word_1_224' title='bbox 692 3743 723 3802; x_wconf 92' lang='lat' dir='ltr'><strong>in</strong></span> <span class='ocrx_word' id='word_1_225' title='bbox 745 3739 889 3801; x_wconf 82' lang='lat' dir='ltr'><strong>Abbatem</strong></span> <span class='ocrx_word' id='word_1_226' title='bbox 904 3741 1129 3812; x_wconf 88' lang='lat' dir='ltr'><strong>Cluniacensem,</strong></span> <span class='ocrx_word' id='word_1_227' title='bbox 1145 3741 1261 3800; x_wconf 80' lang='lat' dir='ltr'><strong>vivente</strong></span> <span class='ocrx_word' id='word_1_228' title='bbox 1281 3739 1364 3820; x_wconf 86' lang='lat' dir='ltr'><strong>Hay·</strong></span> 
     </span>
    </p>

    <p class='ocr_par' dir='ltr' id='par_1_10' title="bbox 385 3839 1467 4016">
     <span class='ocr_line' id='line_1_35' title="bbox 423 3839 1467 3914; baseline 0.004 -18"><span class='ocrx_word' id='word_1_229' title='bbox 423 3839 522 3898; x_wconf 88' lang='lat' dir='ltr'><strong>mardo</strong></span> <span class='ocrx_word' id='word_1_230' title='bbox 536 3841 654 3900; x_wconf 79' lang='lat' dir='ltr'><strong>Abbate.</strong></span> <span class='ocrx_word' id='word_1_231' title='bbox 1406 3855 1467 3914; x_wconf 80' lang='lat'><strong>374</strong></span> 
     </span>
     <span class='ocr_line' id='line_1_36' title="bbox 385 3933 1366 4016; baseline -0.002 -22"><span class='ocrx_word' id='word_1_232' title='bbox 385 3937 554 3995; x_wconf 75' lang='lat' dir='ltr'><strong>Consanus</strong></span> <span class='ocrx_word' id='word_1_233' title='bbox 584 3935 762 4016; x_wconf 70' lang='lat' dir='ltr'><strong>Burgundio</strong></span> <span class='ocrx_word' id='word_1_234' title='bbox 790 3935 854 3996; x_wconf 85' lang='lat' dir='ltr'><strong>Rex</strong></span> <span class='ocrx_word' id='word_1_235' title='bbox 883 3934 1094 3996; x_wconf 79' lang='lat' dir='ltr'><strong>Monostarium</strong></span> <span class='ocrx_word' id='word_1_236' title='bbox 1123 3933 1248 3994; x_wconf 83' lang='lat' dir='ltr'><strong>Grandia</strong></span> <span class='ocrx_word' id='word_1_237' title='bbox 1271 3933 1366 3992; x_wconf 83' lang='lat' dir='ltr'><strong>Vallis</strong></span> 
     </span>
    </p>

    <p class='ocr_par' dir='ltr' id='par_1_11' title="bbox 385 4032 1465 4210">
     <span class='ocr_line' id='line_1_37' title="bbox 423 4032 1465 4107; baseline 0.001 -18"><span class='ocrx_word' id='word_1_238' title='bbox 423 4032 572 4091; x_wconf 87' lang='lat' dir='ltr'><strong>instaurat.</strong></span> <span class='ocrx_word' id='word_1_239' title='bbox 1407 4047 1465 4107; x_wconf 82' lang='lat'><strong>375</strong></span> 
     </span>
     <span class='ocr_line' id='line_1_38' title="bbox 385 4129 1367 4210; baseline -0.002 -21"><span class='ocrx_word' id='word_1_240' title='bbox 385 4129 542 4189; x_wconf 78' lang='lat' dir='ltr'><strong>Lunnanrr</strong></span> <span class='ocrx_word' id='word_1_241' title='bbox 558 4130 732 4189; x_wconf 83' lang='lat' dir='ltr'><strong>Francorum</strong></span> <span class='ocrx_word' id='word_1_242' title='bbox 751 4130 840 4209; x_wconf 82' lang='lat' dir='ltr'><strong>Regis</strong></span> <span class='ocrx_word' id='word_1_243' title='bbox 859 4130 1049 4210; x_wconf 75' lang='lat' dir='ltr'><strong>Praeceptum,</strong></span> <span class='ocrx_word' id='word_1_244' title='bbox 1063 4129 1095 4188; x_wconf 88' lang='lat' dir='ltr'><strong>in</strong></span> <span class='ocrx_word' id='word_1_245' title='bbox 1116 4131 1237 4208; x_wconf 79' lang='lat' dir='ltr'><strong>gratiam</strong></span> <span class='ocrx_word' id='word_1_246' title='bbox 1261 4130 1367 4188; x_wconf 86' lang='lat' dir='ltr'><strong>Mons.</strong></span> 
     </span>
    </p>

    <p class='ocr_par' dir='ltr' id='par_1_12' title="bbox 387 4224 1468 4403">
     <span class='ocr_line' id='line_1_39' title="bbox 425 4224 1468 4305; baseline -0.001 -19"><span class='ocrx_word' id='word_1_247' title='bbox 425 4227 504 4286; x_wconf 89' lang='lat' dir='ltr'><strong>sterii</strong></span> <span class='ocrx_word' id='word_1_248' title='bbox 520 4227 574 4286; x_wconf 87' lang='lat' dir='ltr'><strong>SS.</strong></span> <span class='ocrx_word' id='word_1_249' title='bbox 587 4227 740 4286; x_wconf 71' lang='lat' dir='ltr'><strong>Michaelis</strong></span> <span class='ocrx_word' id='word_1_250' title='bbox 753 4237 840 4305; x_wconf 86' lang='lat' dir='ltr'><strong>atque</strong></span> <span class='ocrx_word' id='word_1_251' title='bbox 854 4227 1000 4286; x_wconf 86' lang='lat' dir='ltr'><strong>Germani.</strong></span> <span class='ocrx_word' id='word_1_252' title='bbox 1397 4224 1468 4286; x_wconf 89' lang='lat' dir='ltr'><strong>ibid.</strong></span> 
     </span>
     <span class='ocr_line' id='line_1_40' title="bbox 387 4323 1367 4403; baseline -0.002 -19"><span class='ocrx_word' id='word_1_253' title='bbox 387 4323 494 4384; x_wconf 87' lang='lat' dir='ltr'><strong>Duello</strong></span> <span class='ocrx_word' id='word_1_254' title='bbox 511 4323 648 4403; x_wconf 89' lang='lat' dir='ltr'><strong>probatur</strong></span> <span class='ocrx_word' id='word_1_255' title='bbox 662 4323 820 4384; x_wconf 87' lang='lat' dir='ltr'><strong>Ecclesiam</strong></span> <span class='ocrx_word' id='word_1_256' title='bbox 840 4323 872 4384; x_wconf 90' lang='lat' dir='ltr'><strong>S.</strong></span> <span class='ocrx_word' id='word_1_257' title='bbox 884 4324 1033 4384; x_wconf 88' lang='lat' dir='ltr'><strong>Saturnini</strong></span> <span class='ocrx_word' id='word_1_258' title='bbox 1047 4324 1228 4384; x_wconf 86' lang='lat' dir='ltr'><strong>Mouasterio</strong></span> <span class='ocrx_word' id='word_1_259' title='bbox 1247 4323 1367 4385; x_wconf 84' lang='lat' dir='ltr'><strong>Bellilo·</strong></span> 
     </span>
    </p>

    <p class='ocr_par' dir='ltr' id='par_1_13' title="bbox 425 4423 1471 4498">
     <span class='ocr_line' id='line_1_41' title="bbox 425 4423 1471 4498; baseline -0.006 -12"><span class='ocrx_word' id='word_1_260' title='bbox 425 4426 503 4486; x_wconf 88' lang='lat' dir='ltr'><strong>censi</strong></span> <span class='ocrx_word' id='word_1_261' title='bbox 516 4425 635 4486; x_wconf 84' lang='lat' dir='ltr'><strong>attribui</strong></span> <span class='ocrx_word' id='word_1_262' title='bbox 649 4425 773 4485; x_wconf 79' lang='lat' dir='ltr'><strong>debere..</strong></span> <span class='ocrx_word' id='word_1_263' title='bbox 1045 4443 1046 4448; x_wconf 50' lang='lat'>¹</span> <span class='ocrx_word' id='word_1_264' title='bbox 1409 4423 1471 4498; x_wconf 80' lang='grc'><strong>376</strong></span> 
     </span>
    </p>
   </div>
   <div class='ocr_carea' id='block_1_9' title="bbox 0 0 1615 5112">
    <p class='ocr_par' dir='ltr' id='par_1_14' title="bbox 0 0 1615 5112">
     <span class='ocr_line' id='line_1_42' title="bbox 0 0 1615 5112; baseline 0 0"><span class='ocrx_word' id='word_1_265' title='bbox 0 0 1615 5112; x_wconf 95' lang='lat' dir='ltr'><strong> </strong></span> 
     </span>
    </p>
   </div>
  </div>
 </body>
</html>
