<?xml version="1.0" encoding="UTF-8"?>
<!DOCTYPE html PUBLIC "-//W3C//DTD XHTML 1.0 Transitional//EN"
    "http://www.w3.org/TR/xhtml1/DTD/xhtml1-transitional.dtd">
<html xmlns="http://www.w3.org/1999/xhtml" xml:lang="en" lang="en">
 <head>
  <title>
</title>
<meta http-equiv="Content-Type" content="text/html;charset=utf-8" />
  <meta name='ocr-system' content='tesseract 3.04.00' />
  <meta name='ocr-capabilities' content='ocr_page ocr_carea ocr_par ocr_line ocrx_word'/>
</head>
<body>
  <div class='ocr_page' id='page_1' title='image "./notitiascriptor01dowlgoog_0194.png"; bbox 0 0 3172 5108; ppageno 0'>
   <div class='ocr_carea' id='block_1_1' title="bbox 422 373 936 444">
    <p class='ocr_par' dir='ltr' id='par_1_1' title="bbox 422 373 936 444">
     <span class='ocr_line' id='line_1_1' title="bbox 422 373 936 444; baseline -0.004 -2"><span class='ocrx_word' id='word_1_1' title='bbox 422 375 553 444; x_wconf 66' lang='lat' dir='ltr'><strong>aalma</strong></span> <span class='ocrx_word' id='word_1_2' title='bbox 565 383 592 442; x_wconf 77' lang='lat' dir='ltr'><strong>oi</strong></span> <span class='ocrx_word' id='word_1_3' title='bbox 606 376 716 442; x_wconf 68' lang='lat' dir='ltr'><strong>Masi</strong></span> <span class='ocrx_word' id='word_1_4' title='bbox 728 373 936 442; x_wconf 78' lang='lat' dir='ltr'><strong>Miscellaaca.</strong></span> 
     </span>
    </p>
   </div>
   <div class='ocr_carea' id='block_1_2' title="bbox 123 625 1229 2631">
    <p class='ocr_par' dir='ltr' id='par_1_2' title="bbox 123 625 1229 2631">
     <span class='ocr_line' id='line_1_2' title="bbox 125 625 1129 710; baseline -0.004 -20"><span class='ocrx_word' id='word_1_5' title='bbox 125 632 331 692; x_wconf 77' lang='lat' dir='ltr'><strong>Aususrsnas</strong></span> <span class='ocrx_word' id='word_1_6' title='bbox 346 629 408 690; x_wconf 90' lang='lat'><strong>111.</strong></span> <span class='ocrx_word' id='word_1_7' title='bbox 424 630 559 710; x_wconf 74' lang='lat' dir='ltr'><strong>Epistola</strong></span> <span class='ocrx_word' id='word_1_8' title='bbox 572 630 610 690; x_wconf 92' lang='lat' dir='ltr'><strong>ad</strong></span> <span class='ocrx_word' id='word_1_9' title='bbox 624 630 775 690; x_wconf 90' lang='lat' dir='ltr'><strong>Decauum</strong></span> <span class='ocrx_word' id='word_1_10' title='bbox 790 639 821 689; x_wconf 87' lang='lat' dir='ltr'><strong>et</strong></span> <span class='ocrx_word' id='word_1_11' title='bbox 834 626 1002 709; x_wconf 77' lang='lat' dir='ltr'><strong>Capitulum</strong></span> <span class='ocrx_word' id='word_1_12' title='bbox 1025 625 1129 686; x_wconf 86' lang='lat' dir='ltr'><strong>Eccle-</strong></span> 
     </span>
     <span class='ocr_line' id='line_1_3' title="bbox 168 725 1227 797; baseline -0.005 -11"><span class='ocrx_word' id='word_1_13' title='bbox 168 727 219 786; x_wconf 76' lang='lat' dir='ltr'><strong>sie</strong></span> <span class='ocrx_word' id='word_1_14' title='bbox 235 728 417 797; x_wconf 89' lang='lat' dir='ltr'><strong>Parisiensis‚</strong></span> <span class='ocrx_word' id='word_1_15' title='bbox 432 727 469 786; x_wconf 91' lang='lat' dir='ltr'><strong>de</strong></span> <span class='ocrx_word' id='word_1_16' title='bbox 482 727 640 787; x_wconf 74' lang='lat' dir='ltr'>residentia</span> <span class='ocrx_word' id='word_1_17' title='bbox 654 727 867 786; x_wconf 80' lang='lat' dir='ltr'><strong>Canonicomm</strong></span> <span class='ocrx_word' id='word_1_18' title='bbox 881 725 1100 784; x_wconf 84' lang='lat' dir='ltr'><strong>forinsecorum.</strong></span> <span class='ocrx_word' id='word_1_19' title='bbox 1193 742 1227 782; x_wconf 83' lang='lat'><strong>21</strong></span> 
     </span>
     <span class='ocr_line' id='line_1_4' title="bbox 126 820 1130 904; baseline -0.005 -22"><span class='ocrx_word' id='word_1_20' title='bbox 126 823 317 883; x_wconf 69' lang='lat' dir='ltr'><strong>causemur</strong></span> <span class='ocrx_word' id='word_1_21' title='bbox 338 825 399 883; x_wconf 92' lang='lat'><strong>111.</strong></span> <span class='ocrx_word' id='word_1_22' title='bbox 426 824 562 904; x_wconf 75' lang='lat' dir='ltr'><strong>Epistola</strong></span> <span class='ocrx_word' id='word_1_23' title='bbox 587 825 624 884; x_wconf 90' lang='lat' dir='ltr'><strong>de</strong></span> <span class='ocrx_word' id='word_1_24' title='bbox 650 824 839 884; x_wconf 84' lang='lat' dir='ltr'><strong>translatione</strong></span> <span class='ocrx_word' id='word_1_25' title='bbox 861 821 1033 901; x_wconf 87' lang='lat' dir='ltr'><strong>Bereugarii</strong></span> <span class='ocrx_word' id='word_1_26' title='bbox 1055 820 1130 900; x_wconf 89' lang='lat' dir='ltr'><strong>Epi.</strong></span> 
     </span>
     <span class='ocr_line' id='line_1_5' title="bbox 168 916 1229 1002; baseline -0.007 -21"><span class='ocrx_word' id='word_1_27' title='bbox 168 921 249 1002; x_wconf 88' lang='lat' dir='ltr'><strong>scopi</strong></span> <span class='ocrx_word' id='word_1_28' title='bbox 264 921 421 982; x_wconf 88' lang='lat' dir='ltr'><strong>llerdensis</strong></span> <span class='ocrx_word' id='word_1_29' title='bbox 435 921 472 980; x_wconf 90' lang='lat' dir='ltr'><strong>ad</strong></span> <span class='ocrx_word' id='word_1_30' title='bbox 486 921 670 1002; x_wconf 85' lang='lat' dir='ltr'><strong>metropolim</strong></span> <span class='ocrx_word' id='word_1_31' title='bbox 685 921 915 980; x_wconf 80' lang='lat' dir='ltr'><strong>Narbonensem.</strong></span> <span class='ocrx_word' id='word_1_32' title='bbox 1159 916 1229 976; x_wconf 89' lang='lat' dir='ltr'><strong>ibid.</strong></span> 
     </span>
     <span class='ocr_line' id='line_1_6' title="bbox 127 1014 1196 1100; baseline -0.002 -22"><span class='ocrx_word' id='word_1_33' title='bbox 127 1017 331 1078; x_wconf 80' lang='lat' dir='ltr'><strong>lsuuauncrs</strong></span> <span class='ocrx_word' id='word_1_34' title='bbox 345 1020 466 1099; x_wconf 75' lang='lat' dir='ltr'><strong>Regina</strong></span> <span class='ocrx_word' id='word_1_35' title='bbox 481 1018 660 1080; x_wconf 75' lang='lat' dir='ltr'><strong>Francorum</strong></span> <span class='ocrx_word' id='word_1_36' title='bbox 672 1018 808 1100; x_wconf 80' lang='lat' dir='ltr'><strong>Epistola</strong></span> <span class='ocrx_word' id='word_1_37' title='bbox 818 1017 855 1076; x_wconf 87' lang='lat' dir='ltr'><strong>sd</strong></span> <span class='ocrx_word' id='word_1_38' title='bbox 866 1016 1054 1076; x_wconf 80' lang='lat' dir='ltr'><strong>Caelestinum</strong></span> <span class='ocrx_word' id='word_1_39' title='bbox 1066 1014 1127 1074; x_wconf 91' lang='lat'><strong>111.</strong></span> <span class='ocrx_word' id='word_1_40' title='bbox 1195 1073 1196 1076; x_wconf 74' lang='grc'>,</span> 
     </span>
     <span class='ocr_line' id='line_1_7' title="bbox 169 1109 1227 1191; baseline -0.003 -21"><span class='ocrx_word' id='word_1_41' title='bbox 169 1112 290 1191; x_wconf 86' lang='lat' dir='ltr'><strong>Papam.</strong></span> <span class='ocrx_word' id='word_1_42' title='bbox 1156 1109 1227 1168; x_wconf 91' lang='lat' dir='ltr'><strong>ibid.</strong></span> 
     </span>
     <span class='ocr_line' id='line_1_8' title="bbox 126 1205 1128 1290; baseline -0.001 -23"><span class='ocrx_word' id='word_1_43' title='bbox 126 1207 292 1268; x_wconf 84' lang='lat' dir='ltr'><strong>Consilium</strong></span> <span class='ocrx_word' id='word_1_44' title='bbox 320 1209 441 1268; x_wconf 92' lang='lat' dir='ltr'><strong>Domini</strong></span> <span class='ocrx_word' id='word_1_45' title='bbox 467 1210 559 1290; x_wconf 78' lang='lat' dir='ltr'><strong>Paper</strong></span> <span class='ocrx_word' id='word_1_46' title='bbox 581 1227 669 1289; x_wconf 90' lang='lat' dir='ltr'><strong>super</strong></span> <span class='ocrx_word' id='word_1_47' title='bbox 696 1207 822 1266; x_wconf 66' lang='lat' dir='ltr'><strong>divanio</strong></span> <span class='ocrx_word' id='word_1_48' title='bbox 847 1206 978 1286; x_wconf 92' lang='lat' dir='ltr'><strong>Philippi</strong></span> <span class='ocrx_word' id='word_1_49' title='bbox 1001 1205 1081 1285; x_wconf 87' lang='lat' dir='ltr'><strong>Aug.</strong></span> <span class='ocrx_word' id='word_1_50' title='bbox 1097 1217 1128 1266; x_wconf 91' lang='lat' dir='ltr'><strong>et</strong></span> 
     </span>
     <span class='ocr_line' id='line_1_9' title="bbox 169 1303 1228 1386; baseline -0.001 -23"><span class='ocrx_word' id='word_1_51' title='bbox 169 1305 358 1386; x_wconf 88' lang='lat' dir='ltr'><strong>Isemburgis.</strong></span> <span class='ocrx_word' id='word_1_52' title='bbox 1158 1303 1228 1362; x_wconf 92' lang='lat' dir='ltr'><strong>ibid.</strong></span> 
     </span>
     <span class='ocr_line' id='line_1_10' title="bbox 127 1400 1126 1480; baseline -0.002 -18"><span class='ocrx_word' id='word_1_53' title='bbox 127 1402 219 1462; x_wconf 90' lang='lat' dir='ltr'><strong>Bulla</strong></span> <span class='ocrx_word' id='word_1_54' title='bbox 232 1403 431 1462; x_wconf 68' lang='lat' dir='ltr'><strong>Innocuam</strong></span> <span class='ocrx_word' id='word_1_55' title='bbox 447 1403 540 1462; x_wconf 68' lang='lat' dir='ltr'><strong>Para</strong></span> <span class='ocrx_word' id='word_1_56' title='bbox 556 1403 598 1462; x_wconf 92' lang='lat'><strong>11.</strong></span> <span class='ocrx_word' id='word_1_57' title='bbox 613 1403 650 1462; x_wconf 91' lang='lat' dir='ltr'><strong>de</strong></span> <span class='ocrx_word' id='word_1_58' title='bbox 664 1401 879 1462; x_wconf 88' lang='lat' dir='ltr'><strong>consecratione</strong></span> <span class='ocrx_word' id='word_1_59' title='bbox 893 1400 1032 1460; x_wconf 83' lang='lat' dir='ltr'><strong>Fulcouis</strong></span> <span class='ocrx_word' id='word_1_60' title='bbox 1053 1401 1126 1480; x_wconf 88' lang='lat' dir='ltr'><strong>Epi·</strong></span> 
     </span>
     <span class='ocr_line' id='line_1_11' title="bbox 167 1501 1226 1580; baseline -0.006 -20"><span class='ocrx_word' id='word_1_61' title='bbox 167 1501 250 1580; x_wconf 87' lang='lat' dir='ltr'><strong>scopi</strong></span> <span class='ocrx_word' id='word_1_62' title='bbox 264 1501 410 1560; x_wconf 87' lang='lat' dir='ltr'><strong>Toletani.</strong></span> <span class='ocrx_word' id='word_1_63' title='bbox 1191 1516 1226 1554; x_wconf 84' lang='lat'><strong>22</strong></span> 
     </span>
     <span class='ocr_line' id='line_1_12' title="bbox 127 1595 1127 1678; baseline 0.002 -24"><span class='ocrx_word' id='word_1_64' title='bbox 127 1595 277 1656; x_wconf 80' lang='lat' dir='ltr'><strong>Horsoan</strong></span> <span class='ocrx_word' id='word_1_65' title='bbox 293 1597 352 1656; x_wconf 92' lang='lat'><strong>111.</strong></span> <span class='ocrx_word' id='word_1_66' title='bbox 371 1597 506 1678; x_wconf 83' lang='lat' dir='ltr'><strong>Epistola</strong></span> <span class='ocrx_word' id='word_1_67' title='bbox 527 1597 564 1656; x_wconf 89' lang='lat' dir='ltr'><strong>ad</strong></span> <span class='ocrx_word' id='word_1_68' title='bbox 581 1596 789 1677; x_wconf 79' lang='lat' dir='ltr'><strong>Raymuudum</strong></span> <span class='ocrx_word' id='word_1_69' title='bbox 808 1595 967 1676; x_wconf 86' lang='lat' dir='ltr'><strong>Rogerium</strong></span> <span class='ocrx_word' id='word_1_70' title='bbox 983 1596 1127 1656; x_wconf 87' lang='lat' dir='ltr'><strong>Comitem</strong></span> 
     </span>
     <span class='ocr_line' id='line_1_13' title="bbox 169 1693 1227 1753; baseline 0 -2"><span class='ocrx_word' id='word_1_71' title='bbox 169 1693 347 1753; x_wconf 84' lang='lat' dir='ltr'><strong>Euxensem.</strong></span> <span class='ocrx_word' id='word_1_72' title='bbox 1157 1693 1227 1752; x_wconf 91' lang='lat' dir='ltr'><strong>ibid.</strong></span> 
     </span>
     <span class='ocr_line' id='line_1_14' title="bbox 127 1789 1226 1872; baseline 0 -23"><span class='ocrx_word' id='word_1_73' title='bbox 127 1789 269 1870; x_wconf 81' lang='lat' dir='ltr'><strong>Ejusdem</strong></span> <span class='ocrx_word' id='word_1_74' title='bbox 284 1791 420 1872; x_wconf 81' lang='lat' dir='ltr'><strong>Epistola</strong></span> <span class='ocrx_word' id='word_1_75' title='bbox 434 1793 472 1852; x_wconf 89' lang='lat' dir='ltr'><strong>ad</strong></span> <span class='ocrx_word' id='word_1_76' title='bbox 484 1793 665 1852; x_wconf 88' lang='lat' dir='ltr'><strong>Amalricum</strong></span> <span class='ocrx_word' id='word_1_77' title='bbox 681 1793 825 1852; x_wconf 87' lang='lat' dir='ltr'><strong>Comitem</strong></span> <span class='ocrx_word' id='word_1_78' title='bbox 840 1792 1027 1852; x_wconf 87' lang='lat' dir='ltr'><strong>Tolosanum.</strong></span> <span class='ocrx_word' id='word_1_79' title='bbox 1156 1791 1226 1850; x_wconf 92' lang='lat' dir='ltr'><strong>ibid.</strong></span> 
     </span>
     <span class='ocr_line' id='line_1_15' title="bbox 127 1888 1227 1969; baseline 0.001 -24"><span class='ocrx_word' id='word_1_80' title='bbox 127 1888 270 1968; x_wconf 79' lang='lat' dir='ltr'><strong>Ejusdem</strong></span> <span class='ocrx_word' id='word_1_81' title='bbox 285 1889 420 1969; x_wconf 86' lang='lat' dir='ltr'><strong>Epistola</strong></span> <span class='ocrx_word' id='word_1_82' title='bbox 433 1889 470 1950; x_wconf 89' lang='lat' dir='ltr'><strong>ad</strong></span> <span class='ocrx_word' id='word_1_83' title='bbox 483 1891 667 1950; x_wconf 84' lang='lat' dir='ltr'><strong>Ludovicum</strong></span> <span class='ocrx_word' id='word_1_84' title='bbox 682 1891 774 1950; x_wconf 91' lang='lat' dir='ltr'><strong>VIII.</strong></span> <span class='ocrx_word' id='word_1_85' title='bbox 790 1891 968 1950; x_wconf 72' lang='lat' dir='ltr'><strong>h&#39;rauoorum</strong></span> <span class='ocrx_word' id='word_1_86' title='bbox 984 1889 1106 1968; x_wconf 87' lang='lat' dir='ltr'><strong>Regem.</strong></span> <span class='ocrx_word' id='word_1_87' title='bbox 1157 1888 1227 1948; x_wconf 88' lang='lat' dir='ltr'><strong>ibid.</strong></span> 
     </span>
     <span class='ocr_line' id='line_1_16' title="bbox 125 1985 1126 2066; baseline 0.002 -23"><span class='ocrx_word' id='word_1_88' title='bbox 125 1985 262 2066; x_wconf 79' lang='lat' dir='ltr'><strong>Epistola</strong></span> <span class='ocrx_word' id='word_1_89' title='bbox 282 1985 477 2047; x_wconf 75' lang='lat' dir='ltr'><strong>Cusmasrrs</strong></span> <span class='ocrx_word' id='word_1_90' title='bbox 506 1988 602 2047; x_wconf 67' lang='lat' dir='ltr'><strong>Para</strong></span> <span class='ocrx_word' id='word_1_91' title='bbox 625 1988 682 2047; x_wconf 93' lang='lat' dir='ltr'><strong>1v.</strong></span> <span class='ocrx_word' id='word_1_92' title='bbox 711 1987 749 2047; x_wconf 91' lang='lat' dir='ltr'><strong>ad</strong></span> <span class='ocrx_word' id='word_1_93' title='bbox 776 1987 972 2047; x_wconf 88' lang='lat' dir='ltr'><strong>Bertrandum</strong></span> <span class='ocrx_word' id='word_1_94' title='bbox 1000 1985 1126 2046; x_wconf 86' lang='lat' dir='ltr'><strong>electum</strong></span> 
     </span>
     <span class='ocr_line' id='line_1_17' title="bbox 167 2082 1225 2157; baseline -0.001 -16"><span class='ocrx_word' id='word_1_95' title='bbox 167 2082 420 2144; x_wconf 87' lang='lat' dir='ltr'><strong>Aurelianensem.</strong></span> <span class='ocrx_word' id='word_1_96' title='bbox 1189 2102 1204 2140; x_wconf 83' lang='lat' dir='ltr'><strong>a</strong></span> <span class='ocrx_word' id='word_1_97' title='bbox 1208 2101 1225 2157; x_wconf 85' lang='lat'>3</span> 
     </span>
     <span class='ocr_line' id='line_1_18' title="bbox 125 2179 1225 2262; baseline -0.002 -24"><span class='ocrx_word' id='word_1_98' title='bbox 125 2180 267 2260; x_wconf 80' lang='lat' dir='ltr'><strong>Ejusdem</strong></span> <span class='ocrx_word' id='word_1_99' title='bbox 282 2181 418 2260; x_wconf 83' lang='lat' dir='ltr'><strong>Epistola</strong></span> <span class='ocrx_word' id='word_1_100' title='bbox 431 2181 468 2240; x_wconf 89' lang='lat' dir='ltr'><strong>ad</strong></span> <span class='ocrx_word' id='word_1_101' title='bbox 481 2193 628 2262; x_wconf 90' lang='lat' dir='ltr'><strong>nepotem.</strong></span> <span class='ocrx_word' id='word_1_102' title='bbox 1154 2179 1225 2238; x_wconf 92' lang='lat' dir='ltr'><strong>ibid.</strong></span> 
     </span>
     <span class='ocr_line' id='line_1_19' title="bbox 125 2276 1125 2359; baseline -0.002 -22"><span class='ocrx_word' id='word_1_103' title='bbox 125 2279 159 2336; x_wconf 91' lang='lat' dir='ltr'>N</span> <span class='ocrx_word' id='word_1_104' title='bbox 161 2297 268 2338; x_wconf 78' lang='lat' dir='ltr'><strong>aconas</strong></span> <span class='ocrx_word' id='word_1_105' title='bbox 287 2278 380 2340; x_wconf 71' lang='lat' dir='ltr'><strong>Para</strong></span> <span class='ocrx_word' id='word_1_106' title='bbox 396 2279 457 2339; x_wconf 92' lang='lat'><strong>111.</strong></span> <span class='ocrx_word' id='word_1_107' title='bbox 480 2279 616 2359; x_wconf 91' lang='lat' dir='ltr'><strong>Epistola</strong></span> <span class='ocrx_word' id='word_1_108' title='bbox 639 2278 676 2339; x_wconf 87' lang='lat' dir='ltr'><strong>de</strong></span> <span class='ocrx_word' id='word_1_109' title='bbox 696 2278 838 2338; x_wconf 85' lang='lat' dir='ltr'><strong>electione</strong></span> <span class='ocrx_word' id='word_1_110' title='bbox 860 2277 999 2357; x_wconf 74' lang='lat' dir='ltr'><strong>Episcopi</strong></span> <span class='ocrx_word' id='word_1_111' title='bbox 1017 2276 1125 2336; x_wconf 86' lang='lat' dir='ltr'><strong>Parisi-</strong></span> 
     </span>
     <span class='ocr_line' id='line_1_20' title="bbox 165 2376 1225 2445; baseline -0.006 -10"><span class='ocrx_word' id='word_1_112' title='bbox 165 2376 254 2435; x_wconf 86' lang='lat' dir='ltr'><strong>cnsis.</strong></span> <span class='ocrx_word' id='word_1_113' title='bbox 1188 2391 1225 2445; x_wconf 79' lang='lat'><strong>24</strong></span> 
     </span>
     <span class='ocr_line' id='line_1_21' title="bbox 123 2470 1125 2554; baseline -0.001 -23"><span class='ocrx_word' id='word_1_114' title='bbox 123 2472 249 2532; x_wconf 87' lang='lat' dir='ltr'><strong>Litterae</strong></span> <span class='ocrx_word' id='word_1_115' title='bbox 264 2473 448 2534; x_wconf 74' lang='lat' dir='ltr'><strong>Bassorum</strong></span> <span class='ocrx_word' id='word_1_116' title='bbox 463 2473 538 2534; x_wconf 88' lang='lat' dir='ltr'><strong>XII.</strong></span> <span class='ocrx_word' id='word_1_117' title='bbox 554 2473 591 2534; x_wconf 93' lang='lat' dir='ltr'><strong>de</strong></span> <span class='ocrx_word' id='word_1_118' title='bbox 604 2474 701 2554; x_wconf 85' lang='lat' dir='ltr'><strong>pravis</strong></span> <span class='ocrx_word' id='word_1_119' title='bbox 718 2474 848 2534; x_wconf 90' lang='lat' dir='ltr'><strong>moribus</strong></span> <span class='ocrx_word' id='word_1_120' title='bbox 866 2471 1046 2532; x_wconf 81' lang='lat' dir='ltr'><strong>Clericorum</strong></span> <span class='ocrx_word' id='word_1_121' title='bbox 1066 2470 1125 2530; x_wconf 87' lang='lat' dir='ltr'><strong>Ee·</strong></span> 
     </span>
     <span class='ocr_line' id='line_1_22' title="bbox 166 2565 1225 2631; baseline -0.005 -3"><span class='ocrx_word' id='word_1_122' title='bbox 166 2568 261 2628; x_wconf 81' lang='lat' dir='ltr'><strong>ulesiae</strong></span> <span class='ocrx_word' id='word_1_123' title='bbox 275 2569 486 2631; x_wconf 87' lang='lat' dir='ltr'><strong>Narbonensis.</strong></span> <span class='ocrx_word' id='word_1_124' title='bbox 1154 2565 1225 2625; x_wconf 92' lang='lat' dir='ltr'><strong>ibid.</strong></span> 
     </span>
    </p>
   </div>
   <div class='ocr_carea' id='block_1_3' title="bbox 124 2665 1223 2748">
    <p class='ocr_par' dir='ltr' id='par_1_3' title="bbox 124 2665 1223 2748">
     <span class='ocr_line' id='line_1_23' title="bbox 124 2665 1223 2748; baseline 0.002 -24"><span class='ocrx_word' id='word_1_125' title='bbox 124 2665 224 2726; x_wconf 81' lang='lat' dir='ltr'><strong>Breve</strong></span> <span class='ocrx_word' id='word_1_126' title='bbox 238 2667 286 2725; x_wconf 90' lang='lat' dir='ltr'><strong>Pii</strong></span> <span class='ocrx_word' id='word_1_127' title='bbox 301 2669 388 2748; x_wconf 79' lang='lat' dir='ltr'><strong>Papae</strong></span> <span class='ocrx_word' id='word_1_128' title='bbox 403 2667 444 2728; x_wconf 90' lang='lat' dir='ltr'><strong>V.</strong></span> <span class='ocrx_word' id='word_1_129' title='bbox 459 2667 597 2728; x_wconf 78' lang='lat' dir='ltr'><strong>adversm</strong></span> <span class='ocrx_word' id='word_1_130' title='bbox 611 2667 777 2728; x_wconf 83' lang='lat' dir='ltr'><strong>Gilbertum</strong></span> <span class='ocrx_word' id='word_1_131' title='bbox 792 2667 966 2746; x_wconf 86' lang='lat' dir='ltr'><strong>Cognatum.</strong></span> <span class='ocrx_word' id='word_1_132' title='bbox 1189 2681 1223 2738; x_wconf 86' lang='lat'><strong>25</strong></span> 
     </span>
    </p>
   </div>
   <div class='ocr_carea' id='block_1_4' title="bbox 478 2887 871 2974">
    <p class='ocr_par' dir='ltr' id='par_1_4' title="bbox 478 2887 871 2974">
     <span class='ocr_line' id='line_1_24' title="bbox 478 2887 871 2974; baseline -0.005 -22"><span class='ocrx_word' id='word_1_133' title='bbox 478 2887 632 2974; x_wconf 82' lang='lat' dir='ltr'><strong>Epistolae</strong></span> <span class='ocrx_word' id='word_1_134' title='bbox 649 2887 871 2952; x_wconf 83' lang='lat' dir='ltr'><strong>Miscellaueoe.</strong></span> 
     </span>
    </p>
   </div>
   <div class='ocr_carea' id='block_1_5' title="bbox 115 3046 1224 4386">
    <p class='ocr_par' dir='ltr' id='par_1_5' title="bbox 115 3046 1224 4386">
     <span class='ocr_line' id='line_1_25' title="bbox 122 3046 1223 3134; baseline -0.002 -29"><span class='ocrx_word' id='word_1_135' title='bbox 122 3047 291 3106; x_wconf 77' lang='lat' dir='ltr'><strong>Marsaeus</strong></span> <span class='ocrx_word' id='word_1_136' title='bbox 306 3047 492 3108; x_wconf 66' lang='lat' dir='ltr'><strong>chrumno</strong></span> <span class='ocrx_word' id='word_1_137' title='bbox 507 3049 642 3130; x_wconf 87' lang='lat' dir='ltr'><strong>Epistola</strong></span> <span class='ocrx_word' id='word_1_138' title='bbox 656 3049 693 3110; x_wconf 86' lang='lat' dir='ltr'><strong>ad</strong></span> <span class='ocrx_word' id='word_1_139' title='bbox 707 3046 874 3128; x_wconf 89' lang='lat' dir='ltr'><strong>Sapaudum</strong></span> <span class='ocrx_word' id='word_1_140' title='bbox 888 3046 1043 3106; x_wconf 89' lang='lat' dir='ltr'><strong>rhetorem.</strong></span> <span class='ocrx_word' id='word_1_141' title='bbox 1187 3061 1223 3134; x_wconf 74' lang='lat' dir='ltr'><strong>ap</strong></span> 
     </span>
     <span class='ocr_line' id='line_1_26' title="bbox 122 3142 1123 3225; baseline 0.001 -24"><span class='ocrx_word' id='word_1_142' title='bbox 122 3142 262 3223; x_wconf 90' lang='lat' dir='ltr'><strong>Epistola</strong></span> <span class='ocrx_word' id='word_1_143' title='bbox 288 3143 422 3204; x_wconf 81' lang='lat' dir='ltr'><strong>Tsrorsrs</strong></span> <span class='ocrx_word' id='word_1_144' title='bbox 449 3145 589 3225; x_wconf 90' lang='lat' dir='ltr'><strong>Episcopi</strong></span> <span class='ocrx_word' id='word_1_145' title='bbox 614 3145 864 3224; x_wconf 78' lang='lat' dir='ltr'><strong>Caesaraugustam</strong></span> <span class='ocrx_word' id='word_1_146' title='bbox 890 3143 927 3203; x_wconf 93' lang='lat' dir='ltr'><strong>ad</strong></span> <span class='ocrx_word' id='word_1_147' title='bbox 955 3143 1123 3222; x_wconf 89' lang='lat' dir='ltr'><strong>Eugenium</strong></span> 
     </span>
     <span class='ocr_line' id='line_1_27' title="bbox 164 3239 1224 3321; baseline 0.006 -23"><span class='ocrx_word' id='word_1_148' title='bbox 164 3239 346 3321; x_wconf 85' lang='lat' dir='ltr'><strong>Episcopum</strong></span> <span class='ocrx_word' id='word_1_149' title='bbox 360 3241 546 3301; x_wconf 86' lang='lat' dir='ltr'><strong>Toletnuum.</strong></span> <span class='ocrx_word' id='word_1_150' title='bbox 1187 3241 1224 3298; x_wconf 88' lang='lat'><strong>28</strong></span> 
     </span>
     <span class='ocr_line' id='line_1_28' title="bbox 121 3335 1123 3399; baseline -0.002 -3"><span class='ocrx_word' id='word_1_151' title='bbox 121 3337 346 3398; x_wconf 86' lang='lat' dir='ltr'><strong>Testamentum</strong></span> <span class='ocrx_word' id='word_1_152' title='bbox 362 3338 530 3398; x_wconf 73' lang='lat' dir='ltr'><strong>Voursunr</strong></span> <span class='ocrx_word' id='word_1_153' title='bbox 546 3338 670 3398; x_wconf 89' lang='lat' dir='ltr'><strong>Comitis</strong></span> <span class='ocrx_word' id='word_1_154' title='bbox 683 3338 848 3399; x_wconf 76' lang='lat' dir='ltr'><strong>fundatorIs</strong></span> <span class='ocrx_word' id='word_1_155' title='bbox 861 3335 997 3397; x_wconf 82' lang='lat' dir='ltr'><strong>Abbatie</strong></span> <span class='ocrx_word' id='word_1_156' title='bbox 1017 3335 1049 3395; x_wconf 88' lang='lat' dir='ltr'><strong>S.</strong></span> <span class='ocrx_word' id='word_1_157' title='bbox 1062 3335 1123 3394; x_wconf 81' lang='lat' dir='ltr'><strong>Mi.</strong></span> 
     </span>
     <span class='ocr_line' id='line_1_29' title="bbox 164 3433 1224 3511; baseline 0.001 -19"><span class='ocrx_word' id='word_1_158' title='bbox 164 3433 273 3493; x_wconf 72' lang='lat' dir='ltr'><strong>chablie</strong></span> <span class='ocrx_word' id='word_1_159' title='bbox 286 3434 324 3494; x_wconf 87' lang='lat' dir='ltr'><strong>ad</strong></span> <span class='ocrx_word' id='word_1_160' title='bbox 338 3435 460 3494; x_wconf 89' lang='lat' dir='ltr'><strong>Mosam.</strong></span> <span class='ocrx_word' id='word_1_161' title='bbox 1186 3452 1224 3511; x_wconf 77' lang='lat'><strong>29</strong></span> 
     </span>
     <span class='ocr_line' id='line_1_30' title="bbox 120 3529 1223 3609; baseline 0.001 -21"><span class='ocrx_word' id='word_1_162' title='bbox 120 3529 201 3590; x_wconf 88' lang='lat' dir='ltr'><strong>Item</strong></span> <span class='ocrx_word' id='word_1_163' title='bbox 217 3529 437 3591; x_wconf 84' lang='lat' dir='ltr'><strong>Testamentum</strong></span> <span class='ocrx_word' id='word_1_164' title='bbox 453 3531 621 3591; x_wconf 79' lang='lat' dir='ltr'><strong>Voursuns</strong></span> <span class='ocrx_word' id='word_1_165' title='bbox 636 3533 673 3592; x_wconf 89' lang='lat' dir='ltr'><strong>de</strong></span> <span class='ocrx_word' id='word_1_166' title='bbox 687 3531 769 3592; x_wconf 87' lang='lat' dir='ltr'><strong>Villa</strong></span> <span class='ocrx_word' id='word_1_167' title='bbox 783 3530 944 3609; x_wconf 89' lang='lat' dir='ltr'><strong>Marsupia.</strong></span> <span class='ocrx_word' id='word_1_168' title='bbox 1184 3549 1223 3607; x_wconf 88' lang='lat'><strong>30</strong></span> 
     </span>
     <span class='ocr_line' id='line_1_31' title="bbox 119 3627 1219 3708; baseline 0.008 -24"><span class='ocrx_word' id='word_1_169' title='bbox 119 3627 201 3686; x_wconf 90' lang='lat' dir='ltr'><strong>Item</strong></span> <span class='ocrx_word' id='word_1_170' title='bbox 216 3629 342 3708; x_wconf 76' lang='lat' dir='ltr'><strong>ejusdem</strong></span> <span class='ocrx_word' id='word_1_171' title='bbox 357 3628 394 3687; x_wconf 92' lang='lat' dir='ltr'><strong>de</strong></span> <span class='ocrx_word' id='word_1_172' title='bbox 407 3627 489 3688; x_wconf 90' lang='lat' dir='ltr'><strong>Villa</strong></span> <span class='ocrx_word' id='word_1_173' title='bbox 503 3630 647 3689; x_wconf 84' lang='lat' dir='ltr'><strong>Condate.</strong></span> <span class='ocrx_word' id='word_1_174' title='bbox 1183 3647 1219 3703; x_wconf 82' lang='lat'><strong>3¹</strong></span> 
     </span>
     <span class='ocr_line' id='line_1_32' title="bbox 118 3721 1221 3802; baseline 0.003 -22"><span class='ocrx_word' id='word_1_175' title='bbox 118 3721 173 3780; x_wconf 86' lang='lat' dir='ltr'><strong>Ex</strong></span> <span class='ocrx_word' id='word_1_176' title='bbox 187 3721 323 3802; x_wconf 84' lang='lat' dir='ltr'><strong>Epistola</strong></span> <span class='ocrx_word' id='word_1_177' title='bbox 337 3725 477 3784; x_wconf 80' lang='lat' dir='ltr'><strong>Panassa</strong></span> <span class='ocrx_word' id='word_1_178' title='bbox 491 3724 528 3784; x_wconf 87' lang='lat' dir='ltr'><strong>ad</strong></span> <span class='ocrx_word' id='word_1_179' title='bbox 541 3727 671 3786; x_wconf 85' lang='lat' dir='ltr'><strong>Leonem</strong></span> <span class='ocrx_word' id='word_1_180' title='bbox 686 3725 893 3785; x_wconf 86' lang='lat' dir='ltr'><strong>Patriarchsm.</strong></span> <span class='ocrx_word' id='word_1_181' title='bbox 1149 3723 1221 3783; x_wconf 92' lang='lat' dir='ltr'><strong>ibid.</strong></span> 
     </span>
     <span class='ocr_line' id='line_1_33' title="bbox 116 3819 1221 3900; baseline -0.001 -23"><span class='ocrx_word' id='word_1_182' title='bbox 116 3819 258 3898; x_wconf 88' lang='lat' dir='ltr'><strong>Epistola</strong></span> <span class='ocrx_word' id='word_1_183' title='bbox 271 3822 442 3900; x_wconf 77' lang='lat' dir='ltr'><strong>cujusdam.-</strong></span> <span class='ocrx_word' id='word_1_184' title='bbox 466 3822 548 3894; x_wconf 88' lang='lat' dir='ltr'><strong>Quid</strong></span> <span class='ocrx_word' id='word_1_185' title='bbox 561 3823 601 3882; x_wconf 93' lang='lat' dir='ltr'><strong>sit</strong></span> <span class='ocrx_word' id='word_1_186' title='bbox 615 3825 758 3882; x_wconf 79' lang='lat' dir='ltr'><strong>Cenoma?</strong></span> <span class='ocrx_word' id='word_1_187' title='bbox 1150 3819 1221 3880; x_wconf 86' lang='lat' dir='ltr'><strong>ibid.</strong></span> 
     </span>
     <span class='ocr_line' id='line_1_34' title="bbox 115 3915 1220 3999; baseline -0.001 -25"><span class='ocrx_word' id='word_1_188' title='bbox 115 3917 280 3976; x_wconf 82' lang='lat' dir='ltr'><strong>Luuovrcr</strong></span> <span class='ocrx_word' id='word_1_189' title='bbox 296 3917 348 3978; x_wconf 84' lang='lat' dir='ltr'><strong>Pu</strong></span> <span class='ocrx_word' id='word_1_190' title='bbox 364 3920 543 3999; x_wconf 77' lang='lat' dir='ltr'><strong>Praeceptum</strong></span> <span class='ocrx_word' id='word_1_191' title='bbox 558 3940 611 3999; x_wconf 89' lang='lat' dir='ltr'><strong>pro</strong></span> <span class='ocrx_word' id='word_1_192' title='bbox 625 3918 758 3978; x_wconf 87' lang='lat' dir='ltr'><strong>Ecclesia</strong></span> <span class='ocrx_word' id='word_1_193' title='bbox 773 3915 977 3976; x_wconf 90' lang='lat' dir='ltr'><strong>Neumasensi.</strong></span> <span class='ocrx_word' id='word_1_194' title='bbox 1182 3934 1220 3992; x_wconf 84' lang='lat'><strong>32</strong></span> 
     </span>
     <span class='ocr_line' id='line_1_35' title="bbox 116 4011 1123 4095; baseline 0 -24"><span class='ocrx_word' id='word_1_195' title='bbox 116 4012 260 4092; x_wconf 80' lang='lat' dir='ltr'><strong>Ejusdem</strong></span> <span class='ocrx_word' id='word_1_196' title='bbox 276 4015 469 4095; x_wconf 79' lang='lat' dir='ltr'><strong>Praeceptum,</strong></span> <span class='ocrx_word' id='word_1_197' title='bbox 484 4027 519 4076; x_wconf 91' lang='lat' dir='ltr'><strong>ut</strong></span> <span class='ocrx_word' id='word_1_198' title='bbox 532 4037 623 4076; x_wconf 83' lang='lat' dir='ltr'><strong>nouas</strong></span> <span class='ocrx_word' id='word_1_199' title='bbox 641 4026 672 4076; x_wconf 90' lang='lat' dir='ltr'><strong>et</strong></span> <span class='ocrx_word' id='word_1_200' title='bbox 690 4015 815 4074; x_wconf 90' lang='lat' dir='ltr'><strong>decimas</strong></span> <span class='ocrx_word' id='word_1_201' title='bbox 829 4013 900 4073; x_wconf 89' lang='lat' dir='ltr'><strong>deut</strong></span> <span class='ocrx_word' id='word_1_202' title='bbox 914 4013 965 4090; x_wconf 92' lang='lat' dir='ltr'><strong>qui</strong></span> <span class='ocrx_word' id='word_1_203' title='bbox 983 4011 1123 4073; x_wconf 59' lang='lat' dir='ltr'><strong>Mueficia</strong></span> 
     </span>
     <span class='ocr_line' id='line_1_36' title="bbox 159 4111 1220 4184; baseline 0 -15"><span class='ocrx_word' id='word_1_204' title='bbox 159 4119 264 4170; x_wconf 87' lang='lat' dir='ltr'><strong>teuent</strong></span> <span class='ocrx_word' id='word_1_205' title='bbox 278 4111 314 4171; x_wconf 88' lang='lat' dir='ltr'><strong>de</strong></span> <span class='ocrx_word' id='word_1_206' title='bbox 327 4111 445 4172; x_wconf 89' lang='lat' dir='ltr'><strong>Abbate</strong></span> <span class='ocrx_word' id='word_1_207' title='bbox 459 4111 491 4172; x_wconf 89' lang='lat' dir='ltr'><strong>S.</strong></span> <span class='ocrx_word' id='word_1_208' title='bbox 503 4112 658 4173; x_wconf 73' lang='lat' dir='ltr'><strong>Michaelis</strong></span> <span class='ocrx_word' id='word_1_209' title='bbox 671 4112 709 4172; x_wconf 92' lang='lat' dir='ltr'><strong>ad</strong></span> <span class='ocrx_word' id='word_1_210' title='bbox 723 4112 847 4170; x_wconf 88' lang='lat' dir='ltr'><strong>Mosam.</strong></span> <span class='ocrx_word' id='word_1_211' title='bbox 1183 4127 1220 4184; x_wconf 86' lang='lat'><strong>33</strong></span> 
     </span>
     <span class='ocr_line' id='line_1_37' title="bbox 116 4206 1119 4289; baseline -0.001 -23"><span class='ocrx_word' id='word_1_212' title='bbox 116 4207 304 4288; x_wconf 74' lang='lat' dir='ltr'><strong>Praeceptum</strong></span> <span class='ocrx_word' id='word_1_213' title='bbox 325 4209 487 4268; x_wconf 74' lang='lat' dir='ltr'><strong>Lausum</strong></span> <span class='ocrx_word' id='word_1_214' title='bbox 509 4211 599 4289; x_wconf 89' lang='lat' dir='ltr'><strong>Regis</strong></span> <span class='ocrx_word' id='word_1_215' title='bbox 620 4211 719 4270; x_wconf 77' lang='lat' dir='ltr'><strong>ftatris</strong></span> <span class='ocrx_word' id='word_1_216' title='bbox 742 4208 856 4276; x_wconf 85' lang='lat' dir='ltr'><strong>Karoli,</strong></span> <span class='ocrx_word' id='word_1_217' title='bbox 871 4207 950 4286; x_wconf 87' lang='lat' dir='ltr'><strong>quod</strong></span> <span class='ocrx_word' id='word_1_218' title='bbox 969 4207 1041 4267; x_wconf 86' lang='lat' dir='ltr'><strong>fecit</strong></span> <span class='ocrx_word' id='word_1_219' title='bbox 1061 4206 1119 4266; x_wconf 82' lang='lat' dir='ltr'><strong>Ec-</strong></span> 
     </span>
     <span class='ocr_line' id='line_1_38' title="bbox 158 4300 1220 4386; baseline 0.004 -24"><span class='ocrx_word' id='word_1_220' title='bbox 158 4303 255 4363; x_wconf 82' lang='lat' dir='ltr'><strong>clesiae</strong></span> <span class='ocrx_word' id='word_1_221' title='bbox 269 4305 302 4363; x_wconf 89' lang='lat' dir='ltr'><strong>S.</strong></span> <span class='ocrx_word' id='word_1_222' title='bbox 315 4305 457 4383; x_wconf 85' lang='lat' dir='ltr'><strong>Stephani</strong></span> <span class='ocrx_word' id='word_1_223' title='bbox 472 4307 686 4386; x_wconf 87' lang='lat' dir='ltr'><strong>Lugdunensis.</strong></span> <span class='ocrx_word' id='word_1_224' title='bbox 1149 4300 1220 4360; x_wconf 79' lang='lat' dir='ltr'><strong>ibid·</strong></span> 
     </span>
    </p>
   </div>
   <div class='ocr_carea' id='block_1_6' title="bbox 0 0 1590 5108">
    <p class='ocr_par' dir='ltr' id='par_1_6' title="bbox 0 0 1590 5108">
     <span class='ocr_line' id='line_1_39' title="bbox 0 0 1590 5108; baseline 0 3"><span class='ocrx_word' id='word_1_225' title='bbox 0 0 1590 5108; x_wconf 95' lang='lat' dir='ltr'><strong> </strong></span> 
     </span>
    </p>
   </div>
  </div>
 </body>
</html>
