3164 5104
335 369 379 431 88
705 361 884 430 Mobillonii
905 363 1065 428 Analecta.

338 613 552 674 Hrnoesnnrr
575 615 716 696 Episcopi
733 615 959 675 Cenomanensis
981 613 1117 694 Epistola
1137 611 1174 672 ad
1196 609 1338 690 Reginol-

377 710 449 768 dum
462 711 642 772 Monachum
654 711 905 771 Cautuariensem.
1376 705 1438 778 462

338 801 477 882 Ejusdem
492 803 636 882 Prologus
651 803 682 862 in
697 805 786 862 vitam
801 803 838 863 S.
848 802 1037 882 Radegnndis
1053 803 1183 880 Regino.
1377 801 1439 874 463

336 899 581 978 Supplemeutnm
615 899 707 958 libelli
735 901 873 958 Suessam
902 899 1023 958 Abbstis
1050 898 1087 957 de
1120 896 1336 957 consecratione

377 995 517 1054 Ecclesie
531 1015 601 1055 sue.
1364 991 1438 1080 ibid.

336 1091 496 1150 Guroours
510 1092 650 1151 Cartusiss
666 1091 777 1151 Prioris
790 1091 922 1172 Epistola
940 1091 976 1151 sd
992 1091 1200 1150 Durbooenses
1219 1089 1335 1158 fratres,

376 1185 413 1246 de
427 1189 625 1268 supposititiis
638 1189 714 1248 beati
730 1189 901 1266 Hieronymi
917 1189 1071 1268 Epistolia.
1376 1185 1441 1259 464

336 1283 482 1342 Onnosss
496 1283 622 1343 Abbatis
636 1283 668 1343 S.
679 1284 805 1362 Remigii
820 1284 956 1364 Epistola
968 1284 1006 1343 ad
1020 1285 1164 1343 Thomam
1178 1282 1334 1349 Comitem,

376 1379 414 1438 de
427 1379 552 1457 quodam
566 1380 707 1440 miraculo
721 1380 752 1438 S.
762 1378 884 1440 Thomse
899 1381 1043 1461 Apostoli.
1363 1376 1438 1436 ibid.

338 1475 476 1534 Sisenes
498 1477 608 1536 Prioris
633 1476 767 1555 Epistola
788 1476 825 1535 sd
847 1476 1010 1536 Rodulfom
1035 1476 1181 1536 Abbatem
1208 1475 1240 1533 S.
1256 1475 1333 1533 Tru.

376 1571 470 1642 donis,
491 1572 522 1630 in
542 1591 600 1650 qus
620 1573 769 1650 queritur,
791 1593 829 1631 en
850 1583 881 1632 et
903 1593 961 1651 qua
984 1574 1097 1632 ratione
1118 1570 1204 1630 licest
1224 1569 1333 1648 aliquid

375 1668 491 1746 exigere
505 1687 559 1747 pro
571 1669 755 1747 susceptione
769 1689 926 1748 puerorum
940 1669 972 1727 in
986 1669 1184 1727 Monosteriis.
1375 1666 1437 1740 465

336 1763 485 1824 Renum
500 1763 625 1824 Abbatis
640 1763 783 1844 Epistols,
798 1785 856 1842 qus
869 1765 1011 1844 superiori
1024 1764 1191 1843 respondet.
1374 1763 1439 1836 466

336 1856 508 1918 Wsssmru
533 1858 658 1919 Abbatis
682 1859 818 1940 Epistola
841 1860 879 1920 sd
898 1861 1042 1921 Abbatem
1064 1860 1275 1928 Elorinensem,
1296 1859 1334 1918 de

376 1953 556 2014 continentis
569 1955 791 2034 conjugatorum
805 1969 874 2016 ante
887 1957 1130 2017 communionem.
1374 1971 1435 2031 471

337 2049 505 2109 Evasvrsr
527 2051 752 2120 Steinteldensis
775 2054 928 2133 Prepositi
950 2053 1086 2133 Epistola
1106 2053 1143 2112 sd
1165 2055 1195 2112 S.
1208 2053 1332 2112 Bernar-

376 2145 445 2204 dum
460 2145 616 2214 Abbstem,
631 2147 668 2207 de
680 2148 824 2209 hereticis
837 2151 883 2208 sui
896 2151 1045 2229 temporis.
1372 2165 1435 2222 473

337 2241 488 2301 Huooms
510 2242 677 2315 Marsum,
700 2245 839 2305 canonici
861 2245 1025 2324 Regulsris,
1047 2245 1183 2326 Epistola
1203 2245 1240 2304 ad
1258 2246 1333 2304 Ger.

375 2337 495 2398 landum
509 2339 546 2398 de
559 2341 741 2400 sanctissimo
755 2341 948 2401 Eucharistiae
962 2353 1149 2402 ssorsmento.
1374 2357 1414 2416 47
1418 2359 1436 2417 5

335 2435 458 2494 Onosis
480 2437 618 2496 Monachi
642 2437 860 2498 Cantusriensis
885 2437 1021 2518 Epistola
1041 2438 1079 2498 ad
1099 2437 1191 2498 Adam
1213 2439 1333 2498 fratrem

376 2551 471 2602 suum,
486 2533 632 2592 novitium
648 2534 857 2612 Igniscensem.
1374 2549 1436 2611 477

335 2627 473 2688 Jossrsrs
494 2630 535 2688 ll.
558 2629 779 2710 Arcbiepisoopi
800 2630 946 2708 qnondam
967 2629 1183 2710 Lugdunensis,
1199 2629 1334 2710 Epistola

360 2725 413 2786 'ad
440 2727 479 2786 G.
497 2727 704 2788 Glssonensom
729 2727 920 2807 Episcopum,
949 2727 987 2788 de
1014 2727 1168 2808 temporali
1194 2727 1333 2805 regimine

376 2823 514 2882 Ecclesiae
529 2823 745 2903 Lugdunensis.

335 2920 476 3000 Anonymi
490 2921 610 2980 Abbatis
625 2919 760 3000 Epistola
773 2919 811 2979 ed
824 2919 987 2979 Monacboa
1001 2917 1205 2988 Prstsllenses,
1219 2917 1256 2978 de
1273 2937 1333 2978 ser-

374 3017 469 3076 vanda
482 3017 512 3075 in
526 3017 609 3078 festis
623 3015 844 3076 solemnioribus
857 3015 1042 3076 ebstimmis.

334 3114 398 3174 Alis
412 3115 448 3174 sd
462 3114 588 3185 eosdem,
603 3114 641 3173 de
654 3113 755 3174 eodem
770 3123 952 3193 argumento.

335 3209 523 3278 llrrnvaaur,
536 3210 708 3269 Leodiensis
722 3208 933 3278 Archidisconi,
949 3207 1085 3289 Epistola
1101 3209 1139 3268 ad
1156 3210 1195 3268 G.
1205 3211 1331 3270 Canoni-

373 3325 440 3364 cum
455 3304 691 3372 Lsudunensem,
706 3305 743 3364 de
764 3306 909 3366 Guiberto
929 3303 1046 3366 Abbate
1068 3305 1280 3376 Gemblscensi,
1301 3317 1333 3366 et

373 3399 410 3459 de
424 3397 574 3458 scribends
586 3398 647 3456 vits
661 3397 692 3458 S.
704 3398 837 3458 Martini.

333 3497 525 3557 Hsnrnasrs
553 3495 691 3555 Monachi
719 3495 855 3576 Epistola
882 3495 919 3555 de
946 3495 1089 3556 hereticis
1110 3495 1330 3575 Petregoricen-

372 3595 460 3654 sibus
1371 3595 1431 3670 483

332 3689 525 3750 Gurnnsmn
551 3691 691 3771 Episcopi
717 3691 897 3750 Mutinensis
921 3689 1056 3771 Epistola
1084 3689 1188 3748 flebilis
1214 3689 1252 3750 de
1278 3709 1332 3750 sus

372 3787 569 3866 assumptione
582 3788 613 3845 in
629 3785 847 3846 Cardinalitism
862 3786 1045 3865 dignitatem.
1360 3786 1432 3847 ibid.

332 3880 515 3940 Hussnnnrr
538 3882 678 3962 Delphini
700 3882 877 3942 Viennensis
902 3881 1048 3962 Epistola,
1073 3902 1132 3960 que
1158 3881 1271 3951 statuit,
1296 3893 1331 3942 ut

372 3978 600 4038 Csrtusiensium
614 3977 682 4038 lites
696 3979 794 4037 statim
809 3978 871 4037 sine
881 3978 957 4055 juris
971 3977 1155 4038 solemnitate
1169 3977 1316 4036 finientur.
1371 3978 1432 4052 484

330 4076 478 4136 Josrrrrss
509 4073 755 4153 Arobiepisoopus
785 4073 967 4134 Arelatensis
1001 4073 1085 4133 fratri
1114 4073 1329 4134 Bonsmmurae

370 4172 509 4232 Ministro
540 4172 663 4230 fratrum
694 4171 846 4230 Minorum
881 4172 1050 4232 incultatem
1084 4171 1134 4230 dat
1167 4170 1328 4230 edificandi

372 4271 531 4330 Ecclesiam
551 4281 582 4329 et
602 4279 777 4330 conventum
799 4269 828 4326 in
850 4279 944 4328 castro
962 4265 1124 4327 salonensi.
1356 4268 1427 4327 ibid.
