3172 5108
338 356 402 422 168
631 355 925 422 BolueiictMonsi
938 354 1146 420 Manum

1379 524 1437 588 ἢ.

339 609 477 687 Ejusdem
487 609 598 669 Urbani
613 610 701 689 Papae
710 609 846 689 Epistola
856 609 893 670 ad
904 609 1063 689 Hugouem
1074 607 1339 688 Archiepisccpum

377 703 613 784 Lugdunensem.
1383 705 1436 763 180

337 803 476 880 Ejusdem
491 801 579 860 Bulla
593 823 646 882 pro
661 801 796 862 Falsum*
806 803 955 884 Episcopo
969 803 1149 864 Belvacensi.
1367 801 1435 860 ibid

339 899 475 978 Ejusdem
492 897 581 956 Bulla
594 918 648 977 pro
661 897 779 959 Abbate
794 899 918 978 Majoris
933 901 1107 960 Mouasterii
1123 899 1311 960 Turonensis.
1381 898 1431 956 181

337 995 476 1074 Ejusdem
490 993 625 1073 Epistola
638 993 677 1053 ud
690 995 883 1055 Guillelmum
898 997 1043 1056 Comitem
1058 995 1245 1055 Tolosanum.
1366 993 1433 1053 ibid.

337 1091 475 1171 Ejusdem
489 1091 624 1171 Epistola
637 1091 673 1151 ad
688 1091 882 1152 Guillelmum
894 1093 1072 1172 Episcopum
1087 1091 1311 1150 Cadur-censam.
1367 1090 1434 1150 ibid.

336 1187 472 1268 Epistola
495 1188 666 1248 Moniclium
693 1187 820 1248 Blasilioe
842 1191 872 1248 in
894 1189 1036 1248 Arvernis
1056 1189 1093 1248 ad
1118 1189 1269 1248 Urbanum
1292 1189 1336 1247 11.

378 1285 498 1364 Papam.
1364 1284 1433 1343 ibid.

336 1382 471 1462 Epistola
495 1381 637 1441 Adlatum
659 1382 898 1442 Leruooicenrium
922 1382 959 1442 ad
980 1381 1159 1442 Richardum
1179 1381 1336 1464 Archiepi.

376 1499 494 1559 scopum
522 1479 734 1538 Bituriceusem
762 1478 799 1538 de
826 1478 970 1538 electione
1001 1477 1165 1537 Humboldi
1192 1478 1335 1560 Episcopi

375 1572 601 1632 Lemovicensis.
1381 1575 1433 1632 rba

335 1669 412 1728 Duae
427 1669 522 1728 Bullse
542 1670 700 1750 supposita
717 1670 837 1730 Urbano
853 1671 940 1750 Papae
954 1671 998 1730 11.
1012 1672 1048 1730 ab
1063 1669 1248 1730 Hunnonno
1261 1670 1337 1750 Epi·

376 1786 463 1845 scopo
475 1765 685 1826 Lemoviceusi.
1366 1767 1434 1826 ibid

336 1863 455 1921 Statum
469 1862 585 1922 Ponnn
600 1863 726 1923 Abbatis
739 1863 947 1923 clunianensis.
1380 1865 1431 1940 183

337 1959 484 2018 Huuoms
499 1957 691 2020 Floriacensis
705 1959 860 2020 l'raotatus
873 1959 910 2020 de
922 1961 1015 2041 Regia
1028 1970 1183 2042 potestate,
1194 1971 1224 2020 et
1233 1963 1335 2020 Sacer·

376 2054 466 2114 dctali
480 2054 633 2134 dignitate.¹
1380 2059 1435 2130 184

337 2155 469 2212 Gunom
487 2153 642 2233 Praepositi
656 2153 944 2234 Reicbarspergensis
956 2155 1047 2215 Liber
1066 2155 1104 2214 de
1123 2165 1261 2234 corrupto
1275 2153 1335 2214 Ec·

376 2249 470 2308 clesioe
484 2259 572 2308 statu
1380 2267 1433 2328 197

337 2347 501 2404 Gsurmnr
526 2345 745 2406 Clarevallenais
767 2345 902 2426 Epistola
920 2345 957 2406 ad
976 2346 1113 2406 llairilum
1128 2347 1335 2427 Archiepisco-

377 2463 446 2519 pum
463 2442 656 2501 Lundeusem.
1378 2461 1413 2518 23
1417 2464 1433 2521 5

337 2537 418 2597 Ausa
432 2537 557 2598 Abbatis
569 2536 712 2597 Perseuiae
722 2537 864 2617 Epistola
878 2537 1007 2617 quinque
1021 2539 1059 2598 ad
1069 2539 1255 2600 Osmundum
1265 2540 1334 2598 Mc.

377 2635 500 2694 nochum
516 2634 718 2694 Mortuimaris
731 2634 763 2692 in
776 2633 967 2696 Normaunia.
1379 2638 1435 2713 236

336 2731 426 2790 Liber
439 2729 647 2810 poeuitentialis
660 2730 795 2808 Magistri
811 2730 959 2790 Ronsnnr
975 2733 1114 2793 eanonici
1130 2731 1162 2792 S.
1176 2732 1315 2792 Victoris.
1378 2751 1432 2808 241

337 2827 569 2888 Constitutionea
589 2827 763 2887 Monosterii
783 2827 928 2890 Jotrensis
950 2829 1037 2889 editae
1059 2851 1136 2890 anno
1158 2849 1334 2890 uocum

378 2925 516 2984 Rousrm
529 2923 692 2984 Cardiuale.
1365 2927 1437 2998 ibid,

338 3021 528 3082 Prafatioues
542 3021 729 3080 Bnnumcnr
743 3020 884 3102 Episcopi
898 3021 1088 3082 Massiliensis
1102 3022 1133 3080 in
1147 3023 1334 3082 Commenta-

377 3121 453 3178 rium
467 3138 553 3178 suum
567 3117 603 3177 de
617 3128 716 3177 sancta
729 3119 875 3178 Trinitate
889 3129 920 3178 et
935 3118 1009 3178 Fida
1023 3119 1183 3180 catholica.
1377 3140 1434 3196 24²

338 3216 491 3275 Sententia
504 3214 563 3274 lata
577 3215 607 3272 iu
623 3213 742 3294 Synodo
756 3233 843 3293 super
858 3215 997 3276 Decimis
1378 3237 1433 3293 243

338 3314 519 3392 Excerptum
544 3331 581 3372 ex
605 3311 696 3370 Libro
717 3311 927 3371 Miraoulorum
951 3323 1132 3387 patratorum
1151 3313 1183 3372 in
1206 3313 1332 3374 Dioecesi

379 3407 590 3488 Magaloueusi.
1378 3431 1434 3488 244

338 3505 510 3566 Observatio
523 3504 554 3562 in
568 3503 730 3582 superiores
745 3502 935 3562 Praefationes
948 3503 1078 3581 ejusdem
1093 3505 1246 3566 Benedicti
1258 3508 1332 3588 Epi·

378 3601 457 3680 scopi
471 3598 669 3658 Massiliensis.
1364 3605 1433 3664 ibid.

339 3701 458 3759 Statuta
472 3697 584 3754 lvonis
599 3693 641 3752 11.
663 3693 788 3754 Abbatis
802 3694 1012 3756 cluniacensis.
1366 3702 1434 3762 ibid.

337 3797 458 3855 Littera
482 3793 645 3850 Jonsunrs
670 3789 777 3849 XXII.
804 3791 910 3863 Purus,
935 3793 1041 3870 quibus
1070 3793 1166 3853 Fratri
1191 3795 1332 3856 Michaeli

377 3887 525 3950 Monaeho
539 3885 659 3946 Ordinis
673 3885 823 3945 Minorum
843 3888 1000 3947 committit
1016 3909 1130 3948 causam
1151 3891 1333 3968 quorundam

378 3989 515 4045 Fratrum
530 3983 691 4052 Minorum‚
705 4003 764 4040 non
777 3983 902 4042 beneda
917 3983 992 4043 Fide
1005 3985 1205 4046 sentientium.
1377 4009 1431 4066 ²47

336 4081 521 4164 Inquisitoris
534 4080 678 4139 sententia
691 4088 792 4137 contra
805 4079 971 4138 combustos
984 4080 1015 4138 in
1029 4080 1170 4141 Massilia.
1378 4089 1433 4161 248

337 4183 414 4242 Acta
442 4175 642 4256 Inquisitionis
673 4195 690 4232 a
717 4174 852 4234 Johanne
879 4175 987 4236 xxn.
1017 4178 1159 4236 instituta
1194 4179 1332 4241 adversus

378 4280 499 4338 Petrum
514 4273 550 4333 de
566 4271 677 4331 Palude
692 4271 801 4331 ordinis
817 4272 1042 4334 Praedicatorum
1057 4293 1124 4333 eum
1138 4277 1333 4356 responsioni-

375 4377 429 4436 bus
443 4368 583 4448 ejusdem.
1378 4395 1392 4433 2
1396 4393 1430 4452 51
