3164 5104
507 387 686 459 Melillons'i
706 391 864 458 Analecta.

1179 561 1240 622 Peg.

138 641 314 702 Benedictio
327 641 481 713 Ludovici,
496 641 550 701 filii
563 641 706 701 Ludorici
721 641 814 702 Ducis
827 641 1057 722 Andegavensis,
1072 651 1139 722 post

179 738 244 815 ejns
265 739 441 818 baptismum
462 739 540 798 faeta
560 759 578 796 a
590 739 721 798 dosunt
738 739 906 798 Patriareha
926 738 1138 805 Alexandrino,

180 855 256 893 auno
270 853 481 894 ucccuxxvrr.
1177 835 1236 910 485

137 933 261 990 Caecus
274 931 326 990 Vl.
342 931 520 990 Francorum
543 930 633 1008 Regis
653 930 757 999 litera,
772 931 878 1008 quibus
892 931 912 988 J
915 929 990 990 udai
1008 930 1138 990 conversi

180 1047 197 1085 a
211 1026 386 1106 spoliatione
399 1027 541 1088 bonorum
555 1047 673 1087 suorum
688 1027 881 1086 vindicantur.
1167 1027 1238 1084 ibid.

356 1212 395 1276 R.
411 1214 449 1277 P.
465 1211 508 1278 D.
528 1213 665 1276 Josrams
681 1211 848 1276 Massaron
864 1211 1034 1298 Opuseulu.

136 1381 288 1441 Judicium
303 1381 340 1442 de
354 1383 498 1443 Chronico
513 1384 595 1442 Datii
609 1382 824 1462 Archiepiscopi
838 1381 1075 1440 Mediolanensis.
1177 1384 1235 1458 487

138 1479 315 1557 Disquisitio
338 1479 376 1540 de
390 1479 573 1540 Venerabilis
597 1479 686 1538 Beda
714 1491 745 1538 et
767 1478 849 1537 Flori
869 1477 994 1537 Diacoui
1013 1477 1136 1556 Lugdu.

179 1576 279 1635 nensis
291 1575 514 1636 Commentariis
526 1577 557 1634 in
572 1575 698 1634 Paulum
713 1595 750 1634 ex
765 1575 850 1634 dictis
865 1574 895 1632 S.
907 1573 1079 1653 Augustini.
1177 1574 1237 1650 488

138 1673 187 1731 De
201 1672 392 1732 consensione
407 1671 475 1731 fidei
488 1673 542 1732 sub
556 1671 677 1731 Aleuini
690 1672 807 1730 nomine
821 1671 899 1730 edita
913 1691 989 1728 anno
1003 1687 1136 1730 uucnvr.

179 1769 240 1827 sive
254 1767 291 1826 de
305 1769 369 1845 ejus
382 1769 557 1847 antiquitate
570 1778 601 1828 et
614 1778 742 1838 auctore,
758 1768 940 1845 Disquisitio.
1177 1785 1237 1844 490

138 1863 284 1923 Viudicioe
295 1863 375 1922 Vitae
390 1865 419 1923 S.
429 1865 574 1943 Gregorii,
588 1864 714 1923 Paulum
725 1864 889 1924 Diaconum
904 1873 1051 1924 auctorem
1066 1883 1140 1943 prae-

178 1960 310 2020 ferentis.
1177 1957 1237 2034 498

138 2055 315 2116 Dissertatio
336 2056 373 2116 de
394 2058 454 2116 vita
475 2057 640 2117 Monastica
662 2058 695 2118 S.
710 2057 846 2135 Gregorii
866 2055 903 2114 ad
922 2054 961 2114 V.
976 2054 1010 2113 0.
1027 2053 1136 2113 Hadri-

178 2171 267 2210 anum
284 2151 428 2210 Valesium
445 2152 720 2231 Historiographum
735 2149 871 2228 Regium.
1175 2165 1237 2223 499

138 2245 364 2306 Observationes
390 2245 428 2304 de
453 2245 609 2325 multiplici
636 2245 805 2324 Berengarii
831 2243 1026 2309 damnatione,
1051 2241 1136 2300 Fidei

178 2342 368 2421 professione,
383 2352 413 2402 et
427 2341 553 2422 relapsu,
568 2341 663 2419 deque
678 2342 743 2418 ejus
756 2341 936 2420 poeuiteutia
1177 2353 1233 2414 513

137 2438 315 2498 Dissertatio
337 2439 486 2499 Historica
509 2437 546 2498 de
570 2458 647 2496 anno
670 2439 772 2496 mortis
793 2437 954 2515 Dagoberti
975 2437 999 2494 1.
1019 2444 1050 2494 et
1070 2435 1137 2494 clo-

177 2533 266 2594 dovei
291 2535 432 2602 Junioris‚
457 2533 495 2594 ed
519 2534 747 2594 eruditissimum
772 2533 866 2592 virum
889 2532 1048 2592 Gallesium
1071 2531 1135 2590 Ab·

176 2631 285 2691 batem.
1177 2627 1237 2703 516

137 2726 312 2786 Dissertatio
326 2725 417 2785 altera
430 2726 467 2786 de
481 2746 557 2786 anno
571 2737 601 2786 et
615 2725 662 2784 die
682 2724 881 2792 ordinationis,
896 2725 1024 2800 itemque
1038 2723 1135 2782 obitus

178 2818 325 2878 Desiderii
352 2819 492 2899 Episcopi
518 2818 719 2887 cadurcensis,
745 2840 781 2880 ex
809 2821 915 2898 quibus
939 2818 1136 2897 Dagobertine

177 2913 301 2994 Epocba
314 2915 411 2975 denuo
424 2917 637 2996 comprobatur.

601 3096 773 3162 Accessere

133 3257 249 3316 Domsd
274 3259 412 3318 Josuurs
440 3259 619 3318 summos
643 3257 816 3318 Dissertatio
843 3255 880 3316 de
908 3255 988 3315 Pane
1016 3255 1134 3315 Euche-

175 3351 286 3420 ristico,
302 3351 420 3434 Aaymo
444 3373 477 3413 ac
502 3353 700 3422 Fermentato,
724 3354 772 3412 cui
793 3351 981 3429 subjungitur
1000 3351 1135 3430 Opuscu·

174 3445 238 3506 lum
266 3448 420 3508 Eldefonsi
449 3449 652 3530 Hispaniensis
680 3449 820 3528 Episcopi
850 3446 887 3506 de
917 3445 1019 3506 οοάοιιι
1047 3465 1134 3524 argu.

133 3554 420 3700 llstllldlliioliomuai⁸
439 3640 476 3700 ad
490 3639 687 3720 Theophilum
702 3638 821 3698 Gallum
835 3636 969 3717 Epistola
989 3636 1026 3696 de
1041 3637 1132 3696 Cultu
1174 3559 1232 3619 ⁵„

174 3735 351 3796 Sanctorum
365 3739 542 3817 ignotorum.
1172 3751 1187 3810 5
1192 3749 1229 3809 5²

373 3996 387 4026 Ι
398 3987 449 4035 Sub
461 3986 505 4036 hoc
516 3987 573 4036 ficto
582 3985 680 4036 nomine
690 3984 848 4034 lllsbillonius
858 3983 909 4048 ipse
919 3983 985 4034 latet
