3192 5112
412 409 503 472 Pczii
528 407 696 472 rosanus
718 411 945 476 Anecdotornm.

122 629 227 690 Codex
258 628 474 709 Diplomsticus
503 629 610 710 Inclyti
640 631 814 691 Monasterii
839 629 1049 692 Admouteusis
1076 633 1107 692 in
1177 567 1229 622 w·

166 726 261 787 Stiria
275 725 350 786 Ord.
366 725 397 786 S.
413 726 488 786 Ben.
1168 731 1226 807 657

352 873 459 932 Omnia
474 893 552 932 nuuc
566 874 702 953 primum,
718 876 772 933 &c
816 874 905 933 Auno
923 891 1010 951 1721.

168 1049 332 1116 Elenchus
360 1051 600 1138 opusculorum,
636 1073 708 1138 quae
745 1053 806 1118 hoc
842 1053 943 1118 Tomo
981 1053 1041 1118 1v.
1073 1053 1227 1120 Thesauri

126 1152 369 1220 Aneodotorum
384 1153 555 1219 Novissimi
569 1155 784 1221 continentur.

564 1381 726 1446 PARTE
758 1381 788 1446 l.

127 1529 273 1591 lisurors
288 1532 601 1592 Aurrssrouoaunsrs
615 1533 688 1592 Ord.
704 1533 736 1592 S.
752 1533 826 1594 Beu.
841 1533 1075 1593 Commentarius
1094 1535 1124 1592 in

166 1628 317 1687 Genesim.
1211 1651 1224 1690 r

126 1723 311 1783 lsrrrnsnrr
334 1725 459 1785 Ablutis
478 1726 689 1786 Admontensis
707 1727 780 1785 Ord.
798 1725 830 1786 S.
846 1725 920 1786 Beu.
936 1727 1123 1787 Commenta-

208 1821 318 1879 riorum
334 1821 365 1878 in
379 1822 501 1882 Librum
516 1823 655 1882 Judicum
670 1823 753 1882 Libri
769 1823 814 1883 ll.
1171 1844 1225 1902 127

127 1915 268 1996 Ejusdem
283 1917 439 1998 Expositio
454 1919 536 1978 Libri
552 1919 644 1979 Ruth.
1165 1941 1221 1997 441

126 2011 326 2074 Wsusrumr
353 2015 544 2083 Srnnnonrs,
566 2014 692 2076 Abbatis
715 2016 884 2096 Augieusis‚
904 2015 978 2078 Ord.
998 2018 1029 2076 S.
1051 2019 1124 2079 Ben.

166 2109 326 2190 Expositio
340 2112 412 2172 XX.
426 2114 585 2192 primorum
602 2113 796 2174 Psalmorum.
1166 2135 1224 2193 473

553 2318 715 2381 PARTE
747 2317 798 2382 11.

125 2465 295 2526 Severum
311 2469 449 2549 Episcopi
465 2469 608 2528 Doctrina
621 2469 657 2528 dc
672 2469 833 2550 Sapientia.
1211 2490 1222 2528 1

125 2562 158 2622 S.
175 2564 345 2624 Bonrrscrr
369 2568 503 2647 Archicp.
519 2567 689 2646 Mogontini
708 2578 739 2627 et
760 2567 903 2647 Martyris
916 2566 990 2626 Ord.
1005 2567 1037 2626 S.
1050 2567 1123 2626 Ben.

167 2660 273 2720 Βενιιιο
286 2661 323 2722 de
337 2663 602 2724 Abrenuutiatione
616 2666 646 2723 iu
662 2665 854 2745 Baptismate.
1206 2682 1223 2738 3

125 2756 165 2814 B.
182 2756 312 2816 llusru
334 2759 451 2818 Mnusr
474 2760 696 2841 Arobiepiscopi
719 2759 892 2840 Moguntini
912 2759 986 2819 Ord.
1002 2759 1033 2819 S.
1050 2759 1125 2817 Den.

167 2853 351 2933 Opusculum
366 2856 403 2915 de
418 2857 556 2916 Pessione
571 2857 701 2916 Domini.
1203 2871 1219 2928 7

125 2952 306 3011 chusaus
334 2953 452 3013 inserts
480 2953 565 3012 Sedis
589 2953 729 3034 Episcopi
754 2953 859 3013 Sermo
885 2951 923 3012 de
949 2951 982 3012 S.
997 2951 1125 3030 Georgio

167 3047 260 3107 Mart.
1189 3065 1222 3124 ¹⁵

125 3143 225 3204 Geute
247 3145 413 3206 Constantis
436 3147 591 3207 venerandi
617 3147 783 3207 Sacerdotis
806 3147 962 3206 Tractatus
989 3145 1027 3206 de
1052 3145 1123 3206 Pas-

165 3243 249 3302 sioue
263 3254 293 3302 et
308 3243 410 3303 Gloria
425 3245 509 3303 Beati
526 3244 733 3303 Emmerammi
748 3243 902 3323 Martyris.
1186 3261 1202 3301 2
1206 3260 1223 3316 3

123 3339 280 3398 Annouur
295 3361 347 3400 seu
361 3341 514 3401 Auuourr
529 3361 566 3401 ex
580 3341 696 3401 comite
712 3341 917 3420 Vobburgensi
933 3341 1073 3401 Mouaolri
1093 3351 1124 3400 et

166 3436 280 3496 Decani
303 3437 578 3498 Emmerammsusis
600 3437 673 3498 Ord.
695 3438 726 3496 S.
748 3438 823 3498 Bsu.
839 3438 971 3498 Homilis
991 3437 1029 3498 de
1046 3439 1124 3498 Octo

166 3533 406 3593 Bentitudinibus
420 3545 451 3594 et
465 3534 496 3593 S.
507 3534 725 3594 Emmersmmo
739 3535 887 3614 Episcopo
900 3545 931 3594 et
945 3535 1089 3614 Martyre.
1187 3553 1225 3611 29

126 3630 268 3709 Ejusdem
292 3630 417 3690 Carmen
440 3631 471 3690 in
492 3630 592 3690 Vitam
618 3630 649 3692 S.
668 3629 875 3690 Emmerammi
898 3652 915 3690 a
936 3630 1123 3710 Megiuiredo

166 3726 368 3806 consmiptam.
1185 3745 1222 3802 37

125 3823 298 3882 Euandrus
315 3823 441 3884 Abbatis
461 3824 620 3903 Augiensis
634 3823 706 3883 Ord.
723 3825 755 3883 S.
772 3825 844 3883 Ben.
860 3824 966 3884 Liber:
988 3823 1124 3896 Qualiter

165 3919 323 3980 Adventus
345 3921 465 3980 Domini
491 3921 662 3991 celebretur,
686 3921 804 3998 quando
828 3919 978 3980 Nativitas
1001 3919 1122 3979 Domini

165 4018 253 4078 Feria
267 4018 394 4078 aecunda
408 4019 550 4078 evenerit.
1185 4035 1224 4096 39

123 4117 264 4197 Ejusdem
279 4116 369 4176 Retio
388 4117 532 4194 generalis
552 4115 589 4176 de
606 4115 697 4174 lnitio
711 4113 868 4174 Adventus
882 4113 1002 4174 Domini
1019 4135 1121 4174 secun-

163 4213 233 4273 dum
249 4213 454 4274 anctoritatem
469 4212 578 4272 Hilarii
593 4211 743 4292 Episcopi.
1184 4207 1224 4289 49

123 4310 266 4392 Ejaedern
280 4310 439 4390 Dialogus:
458 4310 595 4384 Qualiter
607 4319 733 4388 quatuor
748 4307 926 4388 Temporum
935 4307 1054 4386 Jejuuia
1071 4327 1124 4386 per

163 4429 217 4469 sua
231 4407 360 4472 Sabbata
373 4408 433 4468 sint
446 4406 635 4468 observanda.
1183 4421 1220 4480 53

124 4505 264 4584 &udan
279 4504 423 4584 Prologus
436 4505 465 4564 iu
482 4504 654 4573 Tonarium,
669 4523 721 4565 seu
736 4503 858 4564 Librum
873 4502 910 4562 de
924 4502 1047 4562 Musica.
1182 4503 1223 4578 69
