3164 5104
484 412 856 499 mamistam.
1183 418 1224 483 rs

123 665 269 749 Ejusdem
284 666 374 726 Bulla
388 675 489 726 contra
502 664 712 726 adulteratores
724 677 914 726 monetarum.
1164 587 1226 746 ἓξ

120 766 274 825 Josruans
289 763 468 824 Francorum
485 763 551 822 Rex
565 763 706 822 Ordinem
721 762 855 822 Militum
870 762 970 823 Stella
984 764 1124 824 instituit.
1155 766 1227 826 ibid.

122 862 208 921 Idem
229 861 336 920 fundat
350 860 511 920 Ecclesiam
528 859 741 918 Canonicorum
763 859 793 918 S.
805 859 943 920 Audotni
965 881 1018 941 pro
1039 861 1125 922 dictis

131 979 135 988 ·
163 958 322 1024 Militibus,
338 959 393 1017 sub
406 957 523 1016 nomine
537 956 655 1016 Nobilis
671 957 793 1017 Domus.
1165 977 1220 1038 731

122 1057 201 1116 Eam
216 1055 418 1115 fundationem
432 1053 593 1113 confirmat.
1166 1073 1182 1133 7
1186 1075 1224 1132 3²

124 1153 326 1213 Fasucrscus
341 1171 384 1210 ns
397 1151 556 1210 Tunnnuo
569 1149 732 1210 Cardinalis
747 1151 911 1232 Episcopus
926 1151 1123 1222 Florentinus,

164 1261 197 1310 et
225 1249 390 1309 Innocentii
419 1247 507 1328 Papa
528 1247 585 1306 v1.
611 1247 709 1326 Major
730 1249 980 1318 Poenitentiarius,
1002 1248 1123 1309 Petrum

165 1347 280 1406 Ducem
295 1346 465 1404 Borbonesii
479 1347 761 1406 excommunicatum
776 1348 815 1407 ob
828 1345 926 1407 debita
940 1369 999 1406 non
1018 1347 1124 1416 soluta,

163 1455 233 1525 post
246 1453 368 1502 mortem
384 1441 517 1501 absolvit.
1154 1444 1224 1504 ibid.

122 1541 274 1601 Josrsuus
296 1539 474 1598 Francorum
502 1539 567 1600 Rex
591 1539 741 1600 Ludorico
764 1541 849 1600 alteri
873 1539 999 1599 filiorum
1022 1539 1125 1600 Ande-

165 1637 258 1716 garire
271 1647 302 1695 et
316 1635 520 1694 Cenomanniae
534 1637 697 1696 Comitatus
712 1638 834 1696 confert.
1167 1656 1223 1714 733

124 1733 284 1793 Uannuus
299 1731 388 1791 Pars
401 1731 439 1792 V.
459 1753 525 1792 cum
540 1733 692 1794 Ludovico
707 1734 878 1802 Borbonesii
894 1733 978 1794 Duce
992 1745 1022 1793 et
1036 1733 1125 1793 Anna

166 1829 286 1891 Beraldi
302 1829 339 1890 de
353 1828 495 1890 Alternia
514 1829 575 1889 filia
592 1830 749 1912 dispensat,
762 1841 797 1890 nt
817 1831 1034 1890 matrimonium
1055 1851 1125 1890 con.

165 1928 283 1986 trahere
296 1927 418 2007 possint.
1167 1947 1226 2007 734

125 2025 208 2084 Idem
227 2023 331 2083 Carolo
345 2025 385 2083 V.
407 2023 585 2084 Francorum
608 2023 683 2104 Regi
704 2025 847 2094 concedit,
865 2035 900 2084 ut
920 2027 947 2084 ei
968 2026 1125 2086 confessor

166 2141 238 2181 suus
251 2121 461 2200 indulgentiam
483 2131 666 2202 peccatorum
687 2122 817 2182 omnium
839 2122 870 2180 in
886 2123 988 2182 mortis
1002 2123 1125 2184 articulo

165 2218 259 2298 possit
272 2218 431 2298 impertire.
1152 2221 1223 2281 ibid.

125 2315 247 2374 Statuta
260 2316 423 2394 antiquiora
438 2315 598 2376 Academia
612 2315 795 2375 Porisr'eaais.
1166 2333 1202 2394 75
1205 2337 1222 2395 5

125 2412 294 2472 Gaacoau
309 2413 402 2472 Pars
415 2413 474 2472 xl.
489 2413 625 2494 Epistola
638 2413 675 2472 ad
690 2411 855 2472 (luidonem
869 2413 907 2472 de
921 2413 948 2472 la
964 2413 1131 2474 Tremoille.
1166 2431 1222 2492 737

125 2509 209 2568 Idem
221 2509 326 2568 Carolo
340 2509 379 2568 V.
394 2521 424 2570 et
448 2510 659 2570 successoribus
679 2511 743 2588 ejus
765 2510 908 2579 concedit,
923 2523 958 2572 ut
975 2512 1122 2592 Capellam

166 2607 276 2667 montis
290 2606 430 2666 Calvaria
444 2607 657 2687 Hierosolymis
670 2608 802 2667 conferre
816 2609 936 2687 possint.
1166 2607 1224 2686 738

126 2705 209 2764 Idem
227 2703 332 2764 Carolo
347 2703 387 2763 V.
412 2725 445 2763 ac
468 2705 590 2763 Joannae
613 2705 731 2784 Regina
756 2704 897 2773 concedit,
923 2717 958 2764 ut
981 2726 1046 2774 ova,
1068 2705 1122 2775 lac,

166 2802 308 2870 butirum,
324 2813 355 2860 et
368 2821 481 2862 caseum
496 2801 526 2859 in
542 2801 770 2880 Quadragesima
783 2801 895 2882 possint
908 2802 1066 2862 comedere.
1153 2801 1224 2862 ibid.

124 2899 267 2980 Ejusdera
280 2908 496 2958 testamentum.
1154 2899 1225 2959 ibid.

124 2996 277 3056 Canobus
298 2997 338 3055 V.
368 2995 545 3054 Francorum
575 2995 641 3055 Rex
664 2995 876 3055 Monasterium
902 2996 1123 3056 Caelestinorum

167 3092 322 3152 Meduntse
336 3091 451 3151 fundat.
1167 3111 1224 3170 742

126 3189 224 3248 Ριιιιι
244 3207 287 3248 mr
303 3187 415 3248 Panna
437 3188 658 3268 Arcbiepiscopi
679 3189 868 3257 Ravennatis,
884 3189 915 3249 S.
924 3191 959 3248 R.
970 3191 1007 3249 E.
1022 3190 1124 3250 Cardi-

168 3285 251 3353 nalis,
266 3283 401 3366 Epistola
414 3283 451 3344 ad
466 3284 648 3344 Ludovioum
665 3285 808 3344 Flandriae
824 3287 977 3346 Comitem.
1168 3305 1225 3364 743

125 3382 287 3441 Caesareus
317 3383 404 3440 Para
423 3381 498 3441 VII.
528 3381 664 3460 Regnum
693 3381 794 3440 Adriae
820 3381 949 3442 instituit
976 3403 1010 3444 ac
1037 3384 1126 3444 donat

166 3479 320 3538 Ludovico
334 3479 412 3538 Duci
426 3478 642 3558 Andegarensi.
1168 3481 1228 3558 746

125 3577 205 3635 Acta
228 3575 451 3656 dispensationis
478 3595 620 3634 concessa
644 3574 782 3634 Galeacio
803 3575 989 3646 vicecomiti,
1014 3587 1044 3637 et
1068 3577 1125 3636 Ca-

167 3673 289 3732 tbarinse
317 3672 383 3732 filias
412 3672 591 3732 Barnabovis
617 3673 812 3744 vicecomitis,
841 3685 876 3732 ut
908 3675 1125 3734 matrimonium

166 3771 244 3829 inter
259 3790 290 3830 se
303 3769 474 3829 contrahere
486 3779 615 3848 possent.
1169 3789 1223 3850 751

122 3870 315 3926 Cannarum
334 3866 427 3924 Pars
442 3865 515 3924 VII.
539 3853 682 3945 Epistble
704 3865 769 3925 duae
793 3867 830 3926 ad
852 3866 1044 3928 wladislaum
1068 3870 1126 3928 Po-

165 3963 276 4023 lonum.
1168 3982 1225 4043 753

123 4063 311 4121 Lunovrcus
328 4061 394 4120 Rex
412 4059 698 4141 Hierosolymitanus
714 4061 920 4121 Procuratores
940 4061 1070 4122 instituit
1090 4063 1127 4122 ad

164 4158 394 4218 contrabendum
423 4158 542 4218 nomine
573 4177 626 4215 ιιιο
653 4159 869 4218 matrimonium
901 4179 966 4220 cum
993 4159 1127 4218 Yolanda

118 4275 121 4284 ¹
163 4253 473 4333 JoannisAragonum
490 4253 661 4332 Regisfilis.
1169 4269 1228 4330 754

124 4353 349 4412 Testamentum
365 4354 511 4412 Auum
529 4371 569 4410 aa
582 4353 818 4423 Luonusuaoo,
836 4355 973 4436 Episcopi
990 4355 1123 4413 Camers·

165 4451 271 4510 censis.
1170 4465 1227 4528 755
