3192 5112
130 625 224 685 Gesta
237 625 432 684 Gnannnnrrr
447 623 604 692 Manoars,
618 623 679 684 siro
699 621 726 682 lo
747 622 844 682 Maire
864 621 1004 704 Episcopi
1022 621 1124 684 Anda·

211 721 354 800 gavensis,
369 721 406 781 ab
419 721 543 802 ipsomet
557 720 657 780 relata.
1168 737 1179 778 r
1185 737 1225 798 59

129 819 266 878 Historia
289 819 501 899 Episcoporum
525 817 752 885 Trevirensium,
776 828 904 888 anctore,
925 829 960 878 ut
978 816 1125 878 alcherius

170 916 300 994 conjicit,
315 916 509 975 Gonscnnao
522 915 679 975 Monacho.
1167 916 1225 974 soii

130 1014 298 1074 chronicon
312 1013 523 1094 Episcoporum
538 1011 729 1080 Metensinm,
744 1033 762 1071 a
775 1013 884 1072 duobus
898 1011 1014 1073 inperiis
1027 1021 1124 1073 aucto·

172 1110 254 1170 ribus
267 1111 480 1170 continuatum.
1167 1127 1226 1184 aa4

131 1209 267 1268 Historia
295 1209 506 1290 Episcoporum
533 1206 758 1266 virdunensium
786 1205 893 1287 scripta
919 1227 936 1266 a
959 1207 1128 1267 Buacarrro

172 1305 358 1386 Presbytero.
399 1304 576 1364 Laurentius
597 1303 634 1363 de
655 1304 777 1376 Leodio,
795 1304 920 1384 primum
944 1305 976 1362 in
998 1303 1030 1364 S.
1045 1305 1125 1364 Lau·

171 1404 261 1463 rentii
282 1403 437 1464 Leodiend
457 1401 619 1472 Aaceterira
636 1401 741 1461 deinde
764 1402 795 1461 in
817 1400 956 1461 Coenobio
978 1399 1125 1460 §.vitoni

172 1499 302 1560 virdun.
330 1499 492 1560 Monachus
515 1499 552 1559 0.
566 1500 602 1558 B.
616 1498 807 1558 continuavit.
849 1498 925 1558 Item
948 1497 1022 1558 alius
1042 1499 1126 1576 cujus

172 1619 281 1658 nomen
294 1599 467 1677 ignoramus.
1168 1615 1227 1674 234

132 1695 299 1755 chronicon
314 1693 547 1765 Fontanellense,
560 1692 622 1753 sive
643 1692 673 1752 S.
684 1692 907 1774 wandregesili,
928 1715 994 1754 cum
1016 1694 1126 1775 duplici

173 1791 357 1872 Appendice.
1168 1794 1224 1869 263

133 1889 301 1950 chronicon
322 1887 494 1948 Monosterii
516 1887 548 1948 S.
564 1885 693 1948 Richarii
715 1887 911 1962 Centulensis,
929 1889 1069 1972 scriptum
1090 1890 1126 1950 ab

175 1985 520 2047 HaarnnaoMonaoho.
1168 2005 1223 2066 ²91

133 2085 301 2145 Chronicon
328 2083 498 2143 Monasterii
534 2082 566 2142 S.
590 2082 716 2162 Benigni
744 2083 939 2154 Divionensis,
967 2103 1033 2143 cum
1061 2082 1127 2164 Ap-

175 2181 306 2262 nandiu-
1168 2197 1225 2257 ssa

134 2280 300 2340 Chronicon
314 2277 448 2338 Abbatiae
464 2277 629 2346 Besuensis,
645 2288 763 2338 auctore
776 2278 796 2337 J
798 2297 907 2338 narina
920 2279 1075 2340 Monacho.
1167 2299 1227 2355 400

133 2377 301 2436 Cbrnnicon
316 2375 347 2434 S.
358 2375 439 2434 Petri
449 2375 519 2434 Vivi
535 2375 720 2442 Senonenair,
732 2387 850 2436 auctore
864 2377 989 2437 Cnanro
1001 2377 1127 2458 primum

177 2473 379 2540 Floriacensis,
394 2472 499 2532 deinde
513 2473 576 2550 ejus
590 2473 722 2532 Coenobii
737 2474 892 2534 Monacho.
1168 2475 1226 2551 463

134 2571 302 2632 Chronicon
317 2571 348 2630 S.
359 2569 494 2630 Medardi
510 2569 734 2630 Suessionensis.
1168 2575 1228 2648 486

136 2670 184 2729 De
198 2669 392 2748 Temporibus
406 2667 597 2746 quorumdam
612 2667 769 2728 Ordinum.
994 2693 996 2698 ¹
1168 2691 1228 2750 49²

136 2766 316 2846 Genealogis
336 2766 450 2845 Regum
473 2765 651 2825 Francorum
673 2765 824 2844 usquead
842 2765 1042 2844 Dagobertnm
1056 2767 1129 2826 Jnn.

178 2865 291 2923 Filium
307 2863 475 2923 Hildeberti
491 2863 533 2922 Il.
1158 2865 1229 2927 ibid.

136 2963 316 3042 Genealogis
330 2961 426 3021 Caroli
440 2961 542 3041 Magni
557 2961 648 3041 Regia
662 2961 840 3022 Francorum
854 2973 885 3022 et
900 2962 1097 3042 Imperatoris.
1169 2981 1228 3041 493

137 3061 280 3120 Narratio
293 3059 439 3139 quomodo
453 3059 588 3139 Regnum
604 3061 782 3120 Francorum
797 3081 814 3120 a
827 3059 924 3120 Caroli
944 3060 991 3119 M.
1007 3059 1131 3120 Familia

176 3157 214 3218 ad
230 3158 388 3238 Hugonem
403 3157 547 3238 Capetum
560 3157 732 3217 translatum
747 3158 795 3218 sit.
1159 3159 1229 3220 ibid.

137 3259 185 3318 De
199 3256 329 3316 Posteris
343 3255 485 3316 Lndovici
501 3256 557 3315 VI.
573 3257 664 3336 Regis
678 3256 867 3316 Francorum.
1171 3278 1232 3336 494

137 3353 185 3414 De
200 3354 330 3414 Posteris
346 3353 480 3413 Rollords
494 3354 520 3412 1.
534 3353 723 3414 Nornranniae
737 3355 839 3414 Ducis.
1161 3357 1231 3417 ibid.

137 3451 304 3512 Chronioon
317 3453 403 3511 breve
418 3451 556 3511 Ecclesia
570 3451 603 3512 S.
616 3452 761 3532 Dionysii,
775 3452 813 3512 ad
827 3452 932 3533 Cyclas
946 3452 1109 3514 Paschales.
1171 3471 1229 3533 495

138 3551 274 3611 Historia
287 3550 496 3610 Viaeliacensis
509 3550 692 3618 Monasterii,
706 3561 825 3610 suntme
839 3551 979 3612 Honoras
995 3553 1110 3612 Prona·

177 3667 257 3708 virro
272 3648 397 3707 Notario
411 3646 562 3707 Guillelmi
576 3645 711 3707 Abbatis.
1171 3655 1231 3730 498

138 3745 306 3805 chronicon
330 3745 502 3804 Monosterii
523 3745 560 3804 B.
576 3745 680 3804 Maris
697 3745 818 3805 Ordinis
835 3746 867 3805 S.
881 3745 1032 3806 Benedicti
1053 3748 1132 3828 apud

177 3845 345 3902 Mosomum
361 3843 392 3900 in
406 3842 531 3902 Dioecesi
542 3842 688 3912 Remensi,
703 3844 740 3902 ab
753 3842 978 3903 Ansnsaaonn
994 3845 1131 3906 Remensi

177 3940 324 4020 quondam
338 3938 566 4020 Arcbiepiscopo
580 3940 706 4010 fundati,
721 3961 788 4000 cnm
802 3938 983 4020 Appendices.
1174 3944 1229 4021 561

137 4039 273 4099 Historia
287 4036 478 4098 Proelatnrum
499 4049 529 4097 et
550 4038 762 4118 possessionum
777 4037 916 4098 Ecclesiae
931 4039 967 4098 Β.
982 4041 1084 4100 Mariae
1098 4040 1135 4101 de

178 4135 332 4206 Fontanis‚
346 4155 364 4193 a
378 4134 574 4195 Pannoarrro
587 4135 716 4212 ejusdem
732 4135 871 4196 Ecclesia
885 4135 1011 4198 Abbate.
1174 4157 1210 4217 57
1214 4159 1230 4216 ³

138 4233 274 4294 Historia
288 4232 423 4292 Abbatiae
436 4231 656 4300 Condomenais,
671 4252 750 4292 nunc
765 4231 970 4314 Episcopatus.
1174 4239 1233 4313 580

138 4330 273 4392 Historia
288 4329 423 4389 Abbatin
438 4328 624 4389 Senoniensis
638 4329 668 4388 in
682 4329 807 4409 Vosago,
819 4331 961 4392 Dioeoesis
976 4333 1133 4402 Tullensis,

176 4439 299 4488 auctore
313 4425 481 4486 chuaarn
493 4425 622 4502 ejusdem
637 4425 782 4488 Ascaterii
797 4427 955 4488 Monacho.
1175 4431 1231 4509 603
