3172 5108
352 388 417 456 172
645 383 941 450 Bolats'iotdioaci
954 382 1163 453 Maxumas.

394 636 588 699 Auctoritatis
601 635 683 696 addit
700 635 907 716 Superioribus
924 634 1001 708 (cide
1014 636 1056 694 od
1064 634 1206 714 pagiuam
1220 634 1275 708 62)
1292 634 1356 694 Lu.

392 735 489 793 dorici
503 732 621 792 Litcris.
1418 750 1446 788 rt

353 831 492 910 Ejusdem
508 829 687 886 Psscnsurs
702 825 837 904 Epistola
849 824 887 884 ad
900 824 1046 884 Joannem
1060 825 1192 884 Priorem
1212 823 1354 884 Ecclesia

391 925 469 986 beati
485 925 568 984 Petri
583 924 620 984 de
634 922 762 982 Valeriis
775 924 806 980 iu
822 921 1011 1002 Septimania.
1419 943 1450 981 η

352 1027 518 1084 Gasooatr
535 1022 626 1080 Pseu
641 1021 731 1080 VIII.
745 1039 798 1078 sau
812 1020 910 1098 potius
925 1018 1050 1077 Burdini
1066 1018 1202 1100 Epistola
1215 1020 1254 1080 od
1268 1021 1354 1080 Heu.

392 1121 485 1180 ricum
500 1119 539 1178 V.
554 1119 774 1198 Imperatorem.
1381 1119 1451 1178 ibid.

353 1219 508 1278 (laturam
524 1217 568 1276 11.
584 1216 676 1275 Para
692 1213 828 1294 Epistola
846 1213 884 1272 ad
904 1212 1113 1289 Borangarium
1128 1211 1276 1274 Abbatem
1291 1235 1352 1274 mo·

393 1315 511 1374 casterii
525 1311 687 1372 crassensis
701 1313 731 1368 in
746 1309 935 1389 Septimania.
1419 1328 1450 1386 ¹3

354 1408 491 1490 Ejusdem
505 1405 640 1486 Epistola
660 1403 698 1464 ad
719 1404 862 1464 illustrem
881 1404 1019 1464 feminam
1038 1404 1218 1464 Jussolinam
1232 1415 1264 1465 et
1278 1405 1354 1466 lilios

393 1506 466 1583 ejus,
481 1503 610 1582 ejusdem
625 1501 789 1580 argumenti
802 1521 868 1560 cum
883 1503 1041 1582 superiore.
1383 1505 1450 1563 ibid.

353 1603 492 1684 Ejusdem
507 1599 595 1660 Bulla
608 1597 645 1658 de
657 1597 822 1676 Privilegiis
832 1597 1006 1658 Monasterii
1026 1610 1132 1660 mamm
1146 1599 1252 1658 Maria)
1265 1599 1353 1660 Joso-

392 1699 464 1779 pbat
478 1697 508 1756 in
521 1695 639 1756 dioecesi
654 1694 835 1754 cusatensi.
1384 1695 1451 1754 ibid.

351 1796 492 1876 Ejusdem
507 1791 642 1872 Epistola
655 1791 692 1850 sd
707 1791 882 1852 Morbodum
898 1792 1078 1873 Episcopum
1093 1792 1308 1852 Redonenscm.
1419 1813 1452 1866 ¹4

353 1892 492 1972 Ejusdem
515 1888 650 1968 Epistola
673 1888 711 1948 ad
734 1887 903 1948 Girbertum
933 1889 1112 1969 Episcopum
1137 1900 1168 1948 et
1190 1888 1356 1948 canonicos

393 1989 579 2048 Pasiaienscs.
1384 1985 1451 2044 sbid.

353 2086 509 2146 caturam
533 2083 628 2142 Psrs
651 2081 693 2142 11.
719 2081 855 2162 Epistola
882 2081 920 2142 ad
945 2081 1129 2143 Ludovicum
1153 2083 1211 2142 VI.
1239 2081 1354 2161 Rogcm

394 2183 581 2240 Francorum.
1385 2176 1451 2236 ibid.

353 2279 546 2338 luuooosrn
562 2275 652 2335 Puro
668 2273 711 2333 11.
726 2273 869 2354 Epistola
887 2273 952 2334 dum
972 2275 1009 2334 od
1027 2274 1175 2336 Abbatem
1193 2286 1224 2335 at
1246 2275 1355 2332 iliona.

393 2376 462 2435 choo
476 2375 645 2434 Beocenses.
1383 2371 1450 2430 ibid.

354 2471 492 2550 Ejusdem
508 2471 598 2548 Popae
612 2467 747 2549 Epistola
760 2467 798 2526 ad
811 2469 937 2529 comem.
1385 2466 1451 2526 ibid.

353 2570 548 2628 Iuaoosscsr
570 2566 614 2624 11.
638 2565 730 2624 Pars
760 2565 896 2644 Epistola
922 2564 960 2624 ad
989 2565 1143 2643 Ulgerium
1171 2564 1354 2644 Episcopum

393 2664 643 2742 Andagaveosam.
1420 2677 1450 2735 15

354 2761 499 2822 Uuossrr
515 2759 655 2840 Episcopi
669 2757 890 2838 Andcgareosis
908 2757 1012 2818 relatio
1030 2757 1067 2818 ad
1086 2757 1294 2818 Innocentium
1309 2757 1354 2815 11.

398 2860 503 2938 Papam
526 2879 579 2938 pro
601 2855 782 2917 Mouasterio
801 2855 926 2916 Rotcom
946 2855 1084 2915 adversm
1099 2853 1262 2914 Monachos
1275 2852 1355 2911 Vin.

394 2954 570 3014 docineoscs.
1385 2950 1451 3009 ibid.

353 3051 550 3110 Iusocsrsurr
576 3049 620 3108 11.
649 3047 741 3106 Pseu
772 3048 914 3128 Epistulas
941 3047 979 3107 ad
1014 3047 1176 3108 Robertum
1204 3045 1355 3106 Abbutcm

394 3147 506 3204 Sancta)
521 3144 625 3202 Marisa
639 3143 675 3203 de
690 3145 776 3203 Rota.
1418 3159 1450 3215 17

352 3241 400 3300 Da
414 3241 507 3320 primo
521 3241 598 3300 dono
613 3239 752 3300 Ecclesia}
766 3241 859 3300 sancti
872 3240 905 3299 N
906 3239 989 3299 icolai
1004 3239 1041 3299 de
1055 3238 1198 3298 Crcdone.
1419 3240 1451 3296 18

353 3336 532 3396 Pseonsms
547 3337 590 3395 11.
606 3337 791 3416 privilegium
806 3335 842 3395 de
856 3335 959 3396 eodem
972 3336 1049 3395 dono
1064 3335 1164 3396 Sancti
1178 3335 1307 3396 Nioolai.
1385 3337 1451 3396 ibid.

353 3431 501 3492 Fundatio
515 3433 653 3493 Ecclesiae
668 3433 699 3492 S.
711 3433 815 3492 Marias
829 3432 866 3492 ds
881 3433 968 3492 Rota.
1384 3433 1450 3493 ibid.

353 3527 501 3588 Euosou
513 3530 573 3588 111.
588 3529 723 3608 Epistola
737 3529 774 3588 ad
796 3529 918 3588 Petrum
931 3529 1093 3608 Regeusem
1109 3539 1139 3589 et
1154 3529 1353 3588 Bertrandum

393 3625 624 3702 Forojulicnscm
639 3626 809 3705 Episcopos.
1420 3645 1452 3700 ¹9

353 3721 493 3800 Ejusdem
507 3723 597 3801 Popoe
611 3721 754 3801 Epistola
764 3721 830 3782 duoe
844 3721 881 3782 ad
895 3721 1041 3782 Abbstcm
1056 3731 1086 3782 et
1100 3721 1263 3781 Monachos
1277 3721 1355 3780 Bec-

392 3836 499 3876 oenses.
1383 3817 1452 3878 ibid.

351 3911 553 3972 Ausxsuoar
568 3913 629 3974 111.
644 3913 786 3992 Epistola
801 3913 866 3974 dua
880 3935 934 3993 pro
948 3915 1080 3975 Ecclesia
1094 3913 1238 3974 Albicnsi.
1418 3933 1452 3973 ao

352 4007 487 4089 Epistola
501 4009 697 4070 mamasac
713 4010 774 4070 111.
790 4031 843 4091 pro
857 4010 958 4070 eadem
973 4011 1114 4071 Ecclesia.
1383 4011 1452 4071 ibid.

353 4104 492 4164 Priscu
508 4105 670 4166 Cardinalis
689 4118 795 4168 sonmo
810 4107 934 4166 Corciliae
954 4107 1090 4188 Epistola
1104 4107 1142 4167 ad
1155 4105 1351 4166 Guillelmum

325 4245 327 4247 -
392 4201 571 4281 Episcopum
587 4201 765 4264 Albiensem.
1384 4203 1451 4263 ibid.

352 4298 494 4378 Epistola
508 4297 573 4356 duae
588 4297 787 4359 Atsxsuoar
803 4301 864 4359 111.
886 4321 940 4379 pro
959 4300 1111 4360 Guinardo
1133 4300 1248 4360 Comits
1272 4301 1349 4362 Rus-

392 4394 549 4454 oinouensi.
1383 4397 1450 4456 ibid.
