3192 5112
329 375 374 444 aa
684 372 1056 460 maratana.

331 613 501 673 Gauranos
525 611 562 672 de
584 611 730 672 Meduana
748 611 882 693 Epistola
902 611 939 672 ad
959 611 1080 672 Petnrm
1098 610 1242 670 Abhatem
1261 609 1316 670 SS.

371 709 465 790 Sergii
479 720 510 769 et
525 709 642 768 Bacchi.
1357 707 1420 783 486

330 809 520 866 luuoonunu
536 805 628 864 Para
642 805 684 864 11.
701 805 835 886 Epistola
851 805 889 864 ad
903 805 1023 866 Petrum
1038 806 1182 866 Abhatem
1196 805 1316 866 Clunia-

370 925 491 964 oensem.

333 1002 435 1064 Brevis
457 1002 595 1062 Narratio
615 1021 711 1061 rerum
735 1021 800 1080 quaa
818 1000 965 1080 pertinent
982 999 1019 1060 ad
1032 999 1187 1061 Abbatiam
1203 1001 1240 1061 de
1254 1001 1316 1061 Mi·

369 1100 486 1160 ratorio.
1346 1099 1417 1160 ibid.

331 1200 570 1258 Brennonorrns
585 1196 723 1276 Episcopi
737 1195 939 1256 laudunensis
952 1196 1105 1274 juditium,
1119 1217 1177 1276 quo
1190 1208 1267 1257 terra
1279 1197 1316 1258 de

371 1293 996 1356 CaisMonaohisLehunensibnsasseritur.
1356 1298 1416 1372 487

330 1393 486 1452 Abbatiam
501 1392 555 1452 SS.
570 1390 700 1452 Facundi
721 1401 751 1450 et
773 1389 918 1450 Primitivi
939 1391 1122 1452 Cluniaoensi
1136 1391 1316 1452 Monosterio

370 1491 459 1552 donat
472 1491 686 1550 Annnnousus
700 1488 850 1568 Hispania
864 1487 1035 1568 Imperator.
1344 1489 1417 1550 ibid.

332 1588 426 1648 Huoo
437 1587 600 1648 Castrinovi
616 1586 759 1646 Dominus
772 1585 922 1646 nonlirmat
935 1605 972 1646 ea·
982 1605 1047 1663 que
1057 1585 1209 1645 Canonicis
1219 1585 1317 1664 Regna·

369 1685 477 1744 laribus
491 1684 522 1744 8.
532 1682 681 1742 Vincentii
695 1683 725 1741 in
738 1683 868 1742 Nemore
881 1681 1045 1742 donaverat.
1356 1683 1418 1757 488

330 1781 522 1842 Innocuam
540 1780 635 1840 Pana
654 1779 698 1838 11.
720 1777 855 1858 Epistola
868 1777 904 1838 ad
914 1777 1095 1838 Ludovioum
1111 1777 1168 1837 v1.
1191 1778 1317 1838 Eranno-

369 1899 434 1938 rum
450 1878 569 1956 Regem.
1346 1876 1417 1936 ibid.

330 1976 568 2036 Ancnnnasnnr
593 1973 732 2034 Eooleaiae
756 1972 973 2034 Aurelianensis
997 1973 1159 2034 Subdeoani
1183 1973 1318 2054 Epistola

370 2072 407 2131 ad
421 2071 582 2132 Haurionm
596 2069 854 2151 Arubiepisoopum
870 2071 1074 2132 Senonenaem.
1346 2071 1416 2132 ibid.

330 2170 490 2228 Gauranos
506 2168 644 2248 Episoopi
658 2167 846 2227 Carnutensis
861 2167 1043 2247 Epistolaad
1057 2167 1199 2227 eumdem.
1356 2169 1417 2245 489

330 2266 523 2326 [moueatur
539 2264 630 2324 Pana
644 2265 688 2324 11.
704 2263 838 2345 Epistola
855 2263 893 2324 ad
906 2264 1081 2324 Gauiridum
1096 2265 1315 2332 carnutensem,

368 2373 399 2422 et
413 2363 592 2443 Stephanum
608 2363 798 2422 Parisiensem
813 2361 983 2442 Episoopoa
1346 2362 1417 2422 ibid.

330 2459 468 2540 Ejusdem
481 2459 518 2518 sd
532 2458 710 2539 Stephanum
726 2459 903 2539 Epiaoopnm
919 2457 1118 2518 Parisiensem.
1346 2459 1417 2520 ibid.

330 2557 496 2616 Snnnnsar
520 2557 649 2636 ejusdem
669 2556 804 2637 Epistola
825 2555 862 2615 ad
881 2555 1041 2616 Henrioum
1058 2555 1316 2636 Arohiepiseopum

371 2653 577 2714 Senonansem.
1347 2654 1418 2715 ibid.

330 2751 468 2832 Ejusdem
490 2751 623 2831 Epistola
646 2749 683 2810 ad
703 2750 877 2810 Gaulridum
900 2751 1078 2831 Episoopum
1098 2751 1316 2820 carnutensem,

370 2847 454 2908 Sedis
468 2847 645 2928 Apostoliora
658 2849 811 2926 Legatum.
1356 2869 1418 2927 490

331 2946 473 3006 Hannror
493 2945 709 3026 Archiepisoopi
731 2945 904 3004 Sunonensis
925 2943 1059 3024 Epistola
1078 2945 1116 3004 ad
1136 2946 1315 3026 Stephanum

370 3043 546 3122 Episoopum
562 3043 762 3102 Parisiensem.
1345 3044 1416 3104 ibid.

329 3141 495 3198 Surenam
508 3140 636 3217 ejusdem
652 3137 787 3219 Epistola
800 3137 835 3197 ad
850 3137 981 3198 eumdem
998 3139 1169 3198 Henrioum.
1346 3141 1417 3202 ibid.

328 3236 488 3294 Gauranos
503 3236 641 3316 Episcopi
656 3235 845 3294 carnutensis
858 3235 993 3315 Epistola
1010 3235 1048 3296 ad
1062 3235 1243 3315 Stephanum
1258 3237 1314 3298 Pa·

367 3331 515 3392 risiensem
530 3333 718 3412 Episoopum.
1356 3353 1414 3413 491

328 3428 467 3488 Adlatum
482 3437 508 3488 et
521 3428 693 3490 Clerioomm
703 3429 910 3488 Porrimam
921 3429 1057 3510 Epistola
1070 3429 1107 3490 ad
1120 3431 1323 3492 innocentium

369 3525 477 3605 Papam
494 3525 536 3584 11.
1345 3529 1416 3590 ibid.
1578 3398 1589 3613 i

327 3622 437 3681 Incerti
465 3623 606 3704 Epistola
633 3623 698 3683 dum
724 3623 761 3684 ad
789 3625 968 3705 Stephanum
997 3624 1175 3704 Episoopum
1204 3624 1310 3686 Parisi-

368 3741 475 3780 ensem.
1304 3761 1306 3764 -
1343 3724 1414 3786 ibid.

327 3817 486 3877 Gaurarnr
502 3818 641 3899 Episoopi
655 3819 843 3879 carnutensis
857 3817 991 3898 Epistola
1003 3817 1040 3878 ad
1054 3817 1198 3878 eumdem.
1354 3840 1414 3899 49²

327 3915 358 3974 S.
375 3915 544 3976 Banuanur
559 3915 693 3994 Epistola
706 3917 742 3976 ad
757 3915 933 3976 Gauiridum
947 3914 1091 3976 Abbutem
1106 3915 1140 3978 S.
1153 3917 1297 3978 Medsrdi.
1346 3917 1416 3978 ibid.

326 4015 465 4095 dffp'uadem
479 4015 614 4095 Epistola
629 4015 666 4074 ad
680 4016 852 4076 Rainaldum
867 4013 1022 4074 Abbatem.
1344 4017 1414 4080 ibid.

326 4113 489 4174 Gauraina
515 4111 655 4192 Episoopi
677 4113 896 4174 catalaunensis
916 4111 1049 4192 Epistola
1071 4113 1108 4172 ad
1133 4113 1314 4195 Stephanum

365 4210 543 4290 Episoopum
559 4209 758 4269 Parisiensem.
1344 4213 1413 4274 ibid.

328 4307 464 4387 Ejusdem
486 4307 625 4388 Stephani
650 4307 783 4387 Epistola
810 4307 847 4366 ad
871 4307 1029 4366 Henrioum
1055 4308 1312 4390 Arohiepiscopum

368 4404 574 4473 Senoneusem,
590 4413 623 4464 ut
637 4404 752 4483 quidem
767 4404 887 4464 videtur.
1353 4425 1410 4485 493

357 4653 407 4708 ti*
