3192 5112
332 377 354 438 8
486 373 628 437 Mortem
647 377 675 435 d
694 371 832 436 eumad
855 369 1023 435 namara·
1041 369 1273 434 Aucdotcnm.

379 543 495 608 Restat
516 548 554 607 ut
571 542 661 606 varia
681 540 785 606 omnis
806 540 866 605 ovi
888 545 1094 605 monumenta
1114 559 1185 624 quae
1200 537 1301 602 Temo
1322 535 1436 602 ultimo

337 644 495 730 leguntur,
511 663 704 708 recenseam.

338 829 558 901 mutunus
592 827 726 900 Novus
759 825 1054 897 Annonoronon.
1104 825 1235 896 Tomus
1269 823 1435 908 Quintus,

413 944 653 1037 complectens
691 943 757 1014 SS.
791 941 949 1024 Petrum,
981 941 1199 1033 aliommque
1233 939 1433 1012 Auctorum

413 1059 742 1130 Ecclesiasticorum
760 1057 919 1128 omnium
942 1057 1016 1127 fere
1033 1055 1253 1138 saeoulorum,
1270 1079 1292 1126 a
1308 1062 1434 1148 quarto

412 1175 457 1245 ad
474 1175 829 1267 decimumquartum,
847 1171 1038 1264 Opuscula

402 1357 504 1422 Index
518 1356 758 1442 opusculorum,
775 1375 846 1440 quae
860 1353 921 1418 hoo
935 1353 968 1418 in
983 1353 1139 1418 volumino
1153 1353 1365 1419 continentur.

336 1537 499 1597 Altereatio
522 1537 600 1596 inter
629 1535 826 1616 Theophilum
847 1533 1046 1593 Christianum
1071 1545 1102 1593 et
1120 1535 1275 1614 Symonem
1296 1535 1350 1594 Ju-

376 1635 481 1700 deum,
495 1644 613 1692 auctore
628 1633 787 1698 Evscnro,
801 1629 852 1708 qui
866 1629 952 1688 initio
965 1630 1062 1689 seculi
1077 1631 1172 1708 quinti
1189 1631 1295 1690 floruit.
1327 1631 1396 1710 Peg.
1418 1651 1426 1688 ι

337 1732 367 1790 S.
379 1731 542 1790 Oarnnnrr
558 1728 829 1786 Commonitorium.
1397 1744 1429 1804 17

336 1825 439 1885 Sermo
464 1822 613 1883 S.Av1n1
631 1823 806 1882 Viennensis
828 1823 967 1904 Arobiep.
984 1823 1069 1883 Feria
1090 1825 1178 1884 tertia
1201 1825 1232 1883 in
1254 1825 1350 1903 Roga.

375 1919 514 1979 ticnibus.
1390 1939 1429 1997 47
1474 1987 1478 1994 ,

337 2015 467 2074 Homilia
482 2015 514 2074 S.
525 2015 695 2073 Fausrrnr.
1392 2034 1428 2094 55

336 2112 436 2171 Dictio
451 2111 595 2170 Enuonrr
610 2110 640 2168 in
654 2111 745 2170 natali
760 2112 912 2170 Laurentii
929 2113 1157 2172 Mediolanensis
1172 2115 1319 2194 Episcopi.
1391 2118 1430 2174 60

334 2207 499 2286 Antiquum
515 2205 718 2265 calendarium
734 2207 848 2266 Sanctae
865 2208 1004 2268 Romanoa
1020 2210 1166 2269 Ecclesiae.
1391 2213 1428 2288 63

335 2303 491 2383 Expositio
504 2302 599 2361 brevis
613 2303 739 2380 antiquar
754 2303 896 2382 Liturgiae
911 2304 1077 2364 Gallicanae.
1391 2310 1428 2384 85

334 2399 485 2477 Antiquos
510 2398 591 2456 Ordo
617 2398 766 2458 Romanus
793 2399 830 2457 ad
858 2420 942 2459 usum
971 2403 1210 2461 monasteriorum
1238 2425 1349 2462 ccccm.

374 2496 517 2556 modatus.
1376 2522 1425 2560 ιοι

333 2591 565 2650 Vnnsnsmms
601 2591 701 2650 Bnnns
730 2591 897 2672 Presbyteri
931 2605 961 2652 et
990 2595 1126 2652 Monachi
1163 2596 1348 2655 Benedictini

372 2688 455 2747 Libri
470 2687 522 2746 lV.
537 2689 567 2746 in
581 2687 756 2768 principium
772 2687 895 2747 Genesis
910 2691 1052 2768 usquead
1070 2692 1250 2750 nativitatem
1268 2693 1348 2752 Isaac

373 2797 403 2844 et
416 2785 587 2862 ejectionem
603 2783 740 2843 lamuelis.
1373 2811 1425 2850 111

333 2881 472 2960 Ejusdem
486 2881 576 2942 Liber
588 2883 619 2939 in
634 2881 788 2940 Canticum
805 2882 952 2941 Habacuc.
1372 2907 1426 2966 295

337 2977 471 3056 Ejusdem
487 2977 625 3035 Homiliae
639 2977 785 3036 undecim.
1370 3005 1405 3061 3¹
1411 3005 1427 3064 5

334 3073 471 3152 Ejusdem
487 3071 619 3130 Libellus
634 3071 768 3130 Precum.
1370 3085 1423 3158 381

333 3169 553 3226 'resonarem
570 3167 708 3246 Episcopi
724 3167 944 3228 Aurelianensis
959 3170 1070 3230 Versus
1084 3172 1121 3231 de
1136 3175 1277 3234 Luxuria.
1370 3197 1429 3255 399

333 3263 488 3320 linantur
512 3261 628 3320 Maunr
651 3262 870 3343 Arcbiepisccpi
897 3266 1068 3344 Moguntini
1091 3271 1181 3330 Liber
1204 3272 1240 3332 de
1262 3275 1348 3333 variis

371 3357 580 3436 quaestionibus
593 3359 731 3417 adversus
744 3359 864 3419 Judreos
879 3383 929 3420 seu
945 3373 1056 3423 ceteros
1076 3365 1207 3426 infideles
1222 3368 1268 3426 vel
1287 3370 1349 3449 ple.

373 3473 477 3532 rosque
498 3453 648 3512 hereticos
669 3453 853 3530 judaizantes
880 3477 915 3515 ex
942 3469 1068 3538 utroque
1092 3475 1266 3523 testamento
1290 3467 1347 3526 col-

374 3549 465 3608 lectis.
1369 3585 1424 3638 401

332 3643 482 3723 Opuscula
515 3645 645 3722 quadam
680 3649 793 3725 po'e'tioa
829 3649 932 3708 Fcoar
968 3652 1174 3730 Lugdunensis
1209 3657 1347 3718 Ecclesiae

375 3739 508 3798 Diaconl.
1369 3773 1426 3833 595

333 3835 436 3894 Sermo
451 3835 482 3894 S.
492 3836 616 3894 Ononrs
629 3837 754 3896 Abbatis
768 3838 969 3902 cluniacensis
982 3845 1012 3902 in
1029 3846 1118 3905 Festo
1131 3849 1163 3906 S.
1175 3849 1308 3910 Martini.
1368 3855 1425 3927 617

333 3930 436 3989 Sermo
451 3930 653 3991 S.On11.ort1s
667 3933 792 3994 Abbatis
807 3937 843 3995 de
858 3938 1024 3999 Nativitate
1039 3941 1076 3999 B.
1087 3943 1119 4000 M
1124 3945 1199 4002 ariae.
1368 3952 1421 4008 621

333 4023 436 4084 Sermo
450 4027 575 4106 ejusdem
590 4027 626 4085 de
640 4041 737 4088 sancta
752 4030 855 4091 Cruce.
1368 4048 1425 4122 623

333 4120 514 4178 Humanam
530 4120 692 4182 cardinalis
705 4125 786 4184 Libri
801 4138 861 4187 tres
875 4129 1013 4190 adversus
1028 4131 1217 4196 Simoniacos.
1368 4143 1427 4219 629

333 4216 542 4294 Fragmentum
556 4215 771 4292 Disputationis
784 4223 922 4285 adversus
936 4228 1062 4286 Graecos.
1368 4239 1424 4314 845

333 4315 464 4424 own.
474 4312 611 4423 Episcopi
630 4317 843 4379 Cameracensis
862 4323 950 4384 Liber
970 4343 1021 4384 seu
1038 4326 1168 4388 llomiliu
1185 4331 1222 4390 de
1237 4333 1345 4393 Villico

372 4419 544 4490 mrqurtatrs.
