3172 5108
425 400 555 464 Baraza·
569 409 597 464 a
611 402 721 464 Mami
734 403 943 468 Macellum.
1176 408 1234 471 181

1177 580 1236 643 Peg.

175 653 325 711 fructuum
341 655 611 714 Ecclesiasticorum
632 677 685 736 pro
703 657 831 716 adventu
848 658 971 738 Ruperti
989 659 1077 738 Regis
1099 660 1135 718 ad
1248 735 1254 746 ·

178 747 339 808 Romanam
356 751 485 810 Curiam.
1166 758 1236 816 ibid.

133 843 335 904 Anaxannar
350 848 402 906 VI.
418 849 560 928 Epistolae
573 850 704 926 quadam
721 851 794 930 Regi
809 862 839 910 et
856 852 975 930 Reginae
990 853 1133 924 Castollae,

175 953 206 1000 et
220 943 367 1022 Legionis,
383 945 563 1023 Aragonum,
580 947 697 1014 Sicilia,
713 959 743 1006 et
758 950 903 1007 Granatae.
1182 972 1235 1010 111

134 1040 272 1118 EJrrsdem
288 1041 480 1100 Acamanta
497 1043 531 1099 P.
544 1043 599 1102 Vl.
615 1044 737 1122 epistola
751 1045 787 1102 ad
802 1045 937 1104 Carolum
954 1046 1132 1105 Francorum

178 1137 298 1215 Regem.
1164 1145 1233 1203 ibid.

134 1235 274 1314 Ejusdem
289 1235 411 1312 epistola
424 1235 461 1294 ad
475 1236 618 1296 eumdem.
1180 1260 1235 1314 124

134 1331 276 1409 Ejusdem
303 1332 340 1390 ad
367 1332 387 1389 J
390 1333 519 1390 alianum
548 1333 727 1414 Episcopum
757 1335 920 1394 Ostiensem
951 1336 1133 1396 Cardinalem

177 1428 209 1487 S.
226 1429 307 1487 Petri
322 1428 359 1486 ad
373 1428 508 1488 Vincula.
1165 1433 1236 1492 ibid.

133 1526 277 1604 Ejusdem
291 1524 329 1583 ad
340 1526 510 1606 Philippum
527 1528 558 1586 S.
571 1527 652 1586 Petri
667 1541 697 1586 ct
708 1528 871 1587 Marcellini
885 1529 1092 1610 Presbyterum
1104 1541 1134 1590 et

178 1622 360 1681 Cardinalem
377 1624 632 1682 cenomanensem.
1178 1647 1211 1685 12
1215 1645 1230 1703 5

135 1720 268 1776 Uasaru
284 1719 324 1776 V.
340 1719 428 1777 Bulla
449 1721 524 1779 circs
546 1719 712 1800 Privilegia,
727 1723 934 1794 ordinationes,
952 1736 1072 1794 statuta,
1088 1725 1133 1782 in·

176 1816 347 1875 notationes
369 1817 582 1894 Religiosorum
603 1829 633 1876 et
651 1817 785 1886 aliorum,
800 1840 866 1878 cum
888 1821 1060 1898 quibusdam
1077 1821 1134 1880 Fa·

176 1913 320 1971 cultarum
336 1912 588 1972 declarationibus.
1166 1919 1235 1977 ibid.

134 2009 299 2068 Gnsoonu
315 2009 372 2068 XI.
388 2009 475 2067 Bulla
489 2011 713 2086 praecedentium
728 2013 951 2072 confirmatoria.
1178 2033 1234 2090 127

136 2109 275 2187 Ejusdem
291 2108 404 2166 Littera
418 2108 516 2166 clausa
530 2107 565 2166 ad
583 2109 744 2168 Henricum
761 2110 871 2188 Regem
888 2111 1015 2189 Angliae.
1179 2115 1236 2173 128

134 2207 331 2262 0111111111
346 2205 402 2263 Vl.
415 2205 540 2284 epistola
562 2205 741 2265 Provisionis
762 2227 850 2286 super
866 2209 1013 2276 unctione,
1035 2231 1137 2270 conse·

175 2301 316 2368 eratione,
332 2313 362 2360 et
377 2301 562 2360 coronatione
578 2301 774 2379 Imperatoris.
1164 2306 1235 2365 ibid.

134 2399 300 2455 Ganooarr
330 2397 404 2455 XII.
430 2398 551 2456 Litterae
580 2399 765 2458 concedentis
794 2400 996 2480 indulgentias
1024 2402 1134 2460 Arimi-

176 2496 260 2553 nensi
277 2494 453 2553 Cathedrali.
1182 2521 1189 2557 1
1197 2519 1236 2576 30

136 2593 282 2651 Placitum
306 2593 473 2651 Ecorcon'rs
498 2593 577 2650 missi
600 2593 726 2652 Othonis
748 2595 773 2651 1.
794 2595 983 2673 Imperatoris
1004 2597 1134 2655 habitum

178 2691 318 2748 Eerrarim
332 2709 426 2748 coram
437 2689 526 2748 Petro
541 2689 769 2769 Arcbiepiscopo
785 2691 956 2750 Rauennate
970 2713 1046 2750 anno
1061 2711 1131 2769 970.
1180 2715 1189 2752 1
1196 2714 1231 2767 31

135 2788 309 2847 Lucensium
332 2787 538 2845 lllonoclrorum
561 2787 697 2866 Epistola
716 2788 753 2846 ad
776 2789 937 2847 chricum
961 2791 985 2848 1.
1004 2793 1133 2870 Impera·

174 2897 268 2944 torem
283 2895 383 2942 contra
398 2883 571 2941 Sarabaitas.
1182 2908 1233 2964 ¹32

135 2981 225 3039 Bulla
249 2981 423 3038 6111111111
448 2979 666 3061 Arclriepiscopi
690 2982 879 3050 Ravennatis,
900 3004 957 3062 qua
982 2984 1133 3044 confirmat

173 3077 385 3135 Monachorum
399 3077 580 3154 quorundam
595 3077 775 3138 donationes
1164 3083 1234 3141 ibid.

132 3175 304 3234 Judicatum
320 3177 407 3234 Lucre
422 3176 552 3234 habitum
568 3196 620 3254 pro
635 3177 776 3234 bonorum
792 3177 913 3236 infantis
926 3178 1077 3238 divisione.
1178 3199 1232 3256 133

132 3273 305 3330 Judicaturn
322 3272 474 3331 Missorum
490 3273 698 3350 imperialium.
1179 3297 1235 3353 134

132 3369 163 3426 J.
180 3369 224 3429 D.
238 3369 337 3427 blansi
353 3368 541 3426 Pramonitio
556 3370 608 3428 &c
1181 3394 1188 3430 1
1195 3393 1211 3447 3
1217 3390 1233 3448 5

133 3467 298 3524 Gurrrnrrnr
315 3467 345 3524 S.
358 3465 396 3524 R.
410 3465 447 3523 E.
463 3464 547 3522 Card.
564 3465 708 3544 Epistola,
723 3486 780 3544 qua
796 3467 918 3524 Pisanos
935 3471 1133 3527 excommnui-

173 3564 282 3622 cationi
304 3563 411 3630 subdit,
434 3583 486 3641 pro
511 3562 618 3639 injuste
640 3563 761 3621 retentis
782 3563 908 3643 Oppidis
929 3565 1043 3624 Lucani
1060 3567 1132 3645 Epi.

173 3671 319 3740 scopatus.
1165 3664 1234 3722 ibid.

133 3757 184 3816 Ad
208 3757 338 3834 geminas
362 3756 442 3814 colae
466 3755 502 3814 de
527 3755 640 3812 Rienzo
666 3755 814 3834 Epistulas
838 3756 1025 3816 Praemouitio
1046 3757 1076 3814 J.
1093 3759 1131 3817 D.

175 3853 286 3912 Mansi.
1180 3859 1235 3931 136

133 3949 276 4030 Epistola¹
304 3949 370 4008 duae
398 3949 430 4008 N
433 3968 535 4007 rocam
564 3969 606 4007 on
631 3951 837 4016 Lnunnumo,
867 3950 954 4028 vulgo
983 3953 1070 4008 Coun
1101 3972 1132 4009 m

175 4045 309 4104 annzo.
1163 4049 1233 4108 ibid.

132 4145 329 4204 1110011111
347 4144 375 4203 V
378 4143 404 4202 l.
416 4144 510 4202 Para
526 4143 660 4223 Epistola
675 4143 711 4202 ad
727 4144 873 4202 Romanos
887 4144 1133 4204 recomandatoria

173 4251 275 4300 contra
287 4242 429 4301 loannem
444 4241 480 4300 de
494 4240 579 4300 Vico.
1178 4261 1188 4299 1
1196 4259 1232 4318 37
