3164 5104
378 379 542 447 Zodur'iae
556 376 744 446 Bibliotheca
758 379 964 446 Pistortemis.
1180 380 1240 450 181

214 551 405 622 Societstis
436 551 526 622 Jesu
554 549 765 645 Presbytero
800 551 1119 644 descriptumque
1153 549 1242 618 duos

212 665 322 736 libros
339 667 536 750 distribut-e,
555 666 716 751 Quorum
734 668 829 760 prior
839 661 1103 758 Manuscriptos
1120 667 1239 748 trium,

212 782 540 876 praeoipuemmque
562 782 830 854 Pistoriensium
851 781 1154 852 Bibliothecerum
1172 779 1241 852 Co-

212 898 318 980 dices,
343 899 516 990 posterior
546 895 778 969 Pistorienses
809 881 1005 990 Scriptores
1035 895 1240 989 complecti-

212 1021 282 1096 tur,
312 1036 395 1084 cum
428 1013 561 1106 duplici
594 1015 799 1106 appendice,
829 1036 901 1082 une
930 1020 1101 1094 veterum,
1128 1011 1241 1082 ultera

212 1131 419 1212 recentium,
446 1139 596 1222 utroque
623 1130 838 1199 ineditorum
863 1128 1045 1209 hactenus,
1071 1135 1240 1220 praestun-

182 1241 374 1336 ¹tiumque
407 1253 731 1316 monumentorum.
786 1243 964 1338 Angustae
997 1243 1240 1325 Taurinorum,

212 1377 373 1431 trucem.
425 1361 482 1432 Ex
501 1360 747 1456 Typogrepbis
763 1360 887 1453 Regis.
938 1359 982 1428 In
1000 1361 1073 1428 tto.

502 1633 604 1697 Index
619 1630 737 1696 Primoe
753 1629 872 1697 Portis.

136 1801 330 1862 Bibliothecae
352 1803 537 1863 pistoriensis
564 1804 638 1864 liber
664 1805 688 1863 1.
715 1824 766 1863 seu
793 1801 990 1882 Menuscripti
1016 1798 1116 1866 trium.

178 1901 449 1979 praecipnsrnmque
465 1901 686 1960 Pistoriensium
702 1900 950 1958 Bibliothecsrum
967 1897 1099 1956 Codices.
1136 1897 1204 1976 Peg.
1225 1915 1235 1953 r

136 1996 212 2054 Pers
227 1996 252 2054 1.
269 1997 392 2056 Codices
405 1996 525 2075 aliquot.
541 1998 591 2074 qui
606 1997 636 2055 in
651 1997 806 2055 secretiore
821 1995 974 2054 Illustriss.
990 2005 1021 2054 et
1036 1993 1131 2054 Reve-

176 2094 300 2154 rendiss.
317 2095 457 2174 Episcopi
473 2093 657 2153 Pistoriensis
671 2093 803 2152 Archino
817 2102 980 2151 serventur.
1166 2091 1238 2150 ibid.

136 2190 211 2249 Pers
225 2190 269 2248 11.
288 2191 411 2249 Codices
432 2191 633 2269 manuscripti,
648 2190 698 2267 qui
721 2188 751 2246 in
773 2187 976 2247 Reverendiss.
992 2189 1118 2246 Cononi-

176 2306 276 2346 eorum
293 2287 511 2346 Pistoriensium
526 2286 657 2345 Archino
671 2285 871 2344 adservantur.
1220 2302 1237 2359 3

136 2383 237 2462 Caput
251 2383 278 2442 1.
301 2383 425 2443 Codices
438 2384 531 2444 MSS.
547 2384 577 2441 in
598 2383 705 2460 quibus
726 2383 813 2442 Sacra
836 2379 943 2449 Biblis.
959 2384 1047 2462 inque
1067 2383 1118 2442 ills

177 2501 388 2560 anonymorum
403 2481 599 2561 expositiones
614 2491 644 2539 et
659 2491 767 2540 estense
781 2480 979 2539 continentur.
1167 2479 1238 2540 ibid.

137 2577 237 2657 Ospnt
252 2577 295 2636 11.
318 2577 421 2636 Pstres
435 2589 465 2637 et
480 2578 641 2656 Scriptores
656 2576 866 2636 Ecclesiastici.
1220 2596 1236 2654 5

137 2675 237 2752 Caput
252 2672 311 2731 111.
326 2673 523 2734 Consiliorum
537 2685 568 2734 et
582 2675 734 2732 Cononem
750 2673 880 2732 Codices.
1204 2693 1240 2749 ¹4

137 2769 237 2850 Caput
252 2770 304 2829 lv.
327 2770 449 2830 Codices
462 2771 615 2850 Litnrgici.
1203 2791 1239 2832 20

136 2867 236 2944 Caput
253 2868 287 2925 V.
304 2867 427 2926 Codices
440 2866 634 2926 Miscellanei.
1202 2888 1216 2926 r
1220 2887 1237 2944 3

137 2963 237 3044 Caput
252 2965 305 3022 v1.
322 2965 381 3024 Seu
395 2963 588 3044 appendiculo
602 2965 764 3024 editionum
780 2965 892 3044 aliquot
906 2966 1100 3044 antiquarunt.
1203 2983 1237 3040 25
1320 2985 1324 2996 ·

138 3059 212 3119 Pers
227 3061 287 3119 111.
310 3061 403 3120 MSS.
425 3059 539 3120 codices
557 3062 608 3140 qui
629 3061 659 3119 in
675 3061 859 3121 Bibliotheca
875 3061 1070 3129 Pistoriensis.
1085 3073 1119 3120 ut

178 3157 272 3226 siunt,
295 3157 450 3236 Sapientior
479 3157 678 3228 adserventur,
700 3179 752 3218 seu
781 3159 818 3219 de
844 3159 947 3218 iisdem
972 3159 1120 3218 codicibus

179 3251 327 3313 Francisci
348 3255 474 3313 Antonii
496 3254 642 3314 Zscbsrise
666 3253 704 3312 sd
725 3255 936 3334 Hieronymum
963 3255 1118 3332 Lugomsr-

178 3349 286 3408 oinium
319 3349 462 3429 Epistola,
495 3371 572 3409 enno
606 3369 817 3410 croroccxnrv.
854 3352 979 3430 primurn
1015 3373 1121 3412 excuse

178 3445 215 3504 Τ.
230 3465 301 3504 xxx.
323 3446 511 3506 collectionis
525 3447 732 3526 Celegerienae,
747 3468 813 3528 pog.
829 3464 900 3524 437,
922 3469 1000 3508 nunc
1021 3469 1119 3509 emen·

178 3541 284 3613 dstior,
299 3553 330 3602 et
345 3543 467 3602 auctior.

137 3637 299 3718 Appendix
313 3639 491 3698 ineditorum
506 3651 771 3701 monumentorum.

137 3737 235 3816 Caput
257 3737 282 3794 1.
299 3737 516 3797 Turonnurnr
539 3738 666 3799 Abbatis
689 3739 876 3799 Benedictini
901 3741 938 3800 sd
962 3741 1118 3800 Claudium

178 3833 390 3894 Tsnrinensem
406 3835 552 3915 Epistola.

137 3929 237 4010 Caput
259 3931 302 3990 11.
318 3931 459 3990 Ctsuorr
476 3933 666 3993 Taurinensis
681 3933 822 4014 Episcopi
844 3935 880 3994 sd
893 3936 1118 3996 Theodemirunr

176 4029 324 4088 Abbstem
339 4029 522 4108 responsuris
536 4029 681 4109 Epistola.
1200 4035 1239 4092 62

136 4125 236 4206 Caput
258 4125 319 4184 111.
346 4125 517 4205 Nonaginta
545 4127 735 4188 Pennonusr
759 4127 900 4210 Episcopi
923 4131 1057 4190 Cenones
1081 4151 1117 4190 ex

178 4222 275 4282 Paulli
293 4223 435 4303 Epistolis
448 4224 557 4305 sumpti
572 4236 675 4284 contre
688 4225 840 4286 hereticos
854 4227 899 4286 sui
915 4228 1063 4308 temporis.
1199 4231 1240 4286 66

136 4319 237 4401 Cepnt
252 4319 308 4379 lv.
324 4320 482 4399 Cstslogus
497 4321 696 4381 Romanorum
713 4322 901 4383 Pontificum.
1202 4327 1240 4400 78

136 4419 236 4494 Caput
252 4417 290 4476 V.
304 4416 461 4496 Cstslogns
475 4417 549 4478 sltcr
564 4417 762 4477 Romanorum
779 4419 967 4480 Pontificum.
1154 4447 1157 4453 ¹
1203 4425 1240 4482 8ο

669 4533 724 4572 rr2
