3192 5112
356 369 376 428 «l
505 368 647 432 Manae
667 377 696 430 el
716 367 855 430 &rond
879 367 1048 431 Heroum
1068 367 1297 432 Auedotorsm.

871 635 940 707 IV.

397 815 439 878 D.
455 814 633 878 Eumenous
652 815 820 891 Misenus,
836 815 1029 878 vir'summa
1049 814 1222 900 diligentia,
1244 837 1283 880 ac
1304 815 1453 881 doctrina

354 915 440 980 haud
461 938 561 1000 parva
581 917 721 1002 insignis,
743 923 778 982 et
799 916 841 980 D.
858 915 997 979 Unsmns
1017 915 1164 993 Duarum
1181 917 1332 982 Monachi
1352 917 1452 982 Bene·

354 1018 508 1082 dictinio
533 1018 786 1103 congregatione
812 1019 845 1082 S.
865 1018 982 1097 Mauri,
1007 1017 1160 1102 praeclara
1185 1018 1323 1082 virorum
1347 1019 1451 1082 erudi-

353 1120 548 1183 tissimorum
573 1119 724 1186 Dachcrii
752 1127 787 1184 et
814 1119 992 1184 Mabillonii
1015 1119 1161 1204 exempla
1189 1119 1316 1197 imitati,
1341 1141 1451 1185 monu-

353 1229 463 1286 menta
483 1222 572 1286 varia
592 1223 635 1286 ad
657 1243 709 1286 res
729 1229 799 1286 tum
821 1222 1072 1300 Ecclesiasticus,
1087 1227 1157 1285 tum
1179 1220 1359 1286 Historicas
1380 1244 1451 1307 per-

353 1325 490 1389 tinentia
518 1345 589 1408 quoe
618 1325 687 1388 Iter
719 1345 811 1402 suum
840 1325 1031 1388 Πίσων-ἰωὴ
1062 1322 1214 1388 facientes
1243 1323 1449 1403 offenderant,

348 1425 431 1510 juris
451 1425 568 1510 publici
590 1425 744 1490 focerunt.
781 1426 879 1489 Anno
893 1425 1013 1491 Christi
1035 1447 1191 1489 suumn.
1204 1447 1270 1489 unc
1288 1447 1396 1489 omncs
1417 1425 1451 1488 in

352 1526 454 1591 lucem
478 1527 665 1612 prodierunt
693 1527 788 1611 hujus
812 1527 1013 1593 collectionis
1038 1527 1138 1602 corrig
1171 1548 1305 1610 quorum
1329 1527 1451 1612 primus

353 1629 412 1692 hac
426 1629 631 1712 inscriptione
644 1629 781 1712 gaudet:

352 1858 572 1929 Thesaurus
607 1859 741 1931 Novus
775 1860 1068 1932 Auncnoronurr.
1123 1859 1254 1930 Tomus
1300 1859 1450 1942 Primus,

426 1975 666 2067 complectens
704 1976 845 2068 Regum
896 1999 937 2045 ac
984 1975 1188 2067 Principum
1231 1975 1451 2067 aliorumque

429 2087 597 2158 Virorum
633 2089 830 2159 Illustrium
860 2090 1038 2182 Epistolcs
1065 2100 1102 2160 et
1129 2089 1334 2182 Diplomata
1357 2090 1451 2160 bene

426 2203 550 2274 multa.
582 2204 706 2274 Prodit
723 2229 817 2276 nnnc
834 2208 987 2298 primum
1005 2208 1122 2276 studio
1140 2215 1176 2275 et
1194 2230 1300 2298 opera
1317 2205 1450 2276 Domni

426 2319 606 2390 Edmundi
629 2320 796 2390 Martenc
819 2331 856 2390 et
879 2320 1012 2390 Domni
1031 2321 1152 2392 Ursini
1172 2321 1328 2402 Durand‚
1348 2321 1450 2391 Pres-
1561 2320 1567 2332 '

426 2436 629 2526 byterorum
646 2444 684 2506 et
696 2435 957 2506 Monachorum
968 2437 1282 2507 Benedictinorum
1296 2461 1316 2506 e
1329 2460 1448 2530 congr.

427 2549 464 2619 S.
480 2549 612 2620 Mauri.
648 2550 804 2621 Lutetiae
823 2540 1046 2634 Parisiorum,
1064 2553 1262 2644 sumptibus

465 2697 642 2761 Florentini
657 2696 809 2772 Delnunc‚
897 2699 920 2758 J
923 2697 1193 2762 oannis-Gaulridi
1210 2697 1311 2780 Nyon,

466 2795 582 2861 Hilarii
598 2797 765 2873 Foncault,
897 2796 1051 2881 Stephani
1067 2799 1208 2876 Geneau,

467 2900 632 2965 Michaelis
646 2899 798 2978 Olonzicr,
896 2899 1017 2964 Nicolai
1033 2901 1188 2976 Gosselin,

618 3035 896 3128 Bibliopolarum
915 3036 1173 3108 Parisiensium.

429 3209 621 3260 nnccxvu.
640 3189 732 3260 Cum
751 3189 941 3286 Privilegio
955 3193 1064 3287 Regis
1085 3202 1123 3263 et
1142 3194 1368 3286 Superiorem

800 3306 989 3378 Permissu.

393 3457 499 3539 Quum
523 3456 574 3521 hio
600 3457 720 3543 primus
744 3465 851 3523 tomus
874 3459 952 3522 nihil
978 3462 1121 3527 continet
1141 3463 1201 3528 nisi
1225 3463 1387 3549 Epistolas
1409 3488 1448 3530 ac

350 3557 545 3646 Diplometa,
569 3581 639 3644 quae
662 3559 756 3623 nimis
780 3559 908 3646 longum
932 3561 1025 3640 soret,
1053 3585 1155 3648 neque
1181 3586 1285 3650 operae
1310 3565 1448 3652 pretium

349 3667 410 3738 eet,
426 3661 674 3739 enumerarem
688 3660 823 3725 alterum
837 3683 1017 3748 pergamus.

351 3863 571 3934 Tnsssunus
601 3862 735 3934 Novus
761 3861 1056 3938 Auncnoronuu.
1103 3867 1234 3938 Tomus
1264 3871 1446 3952 secundus,

426 3981 464 4048 in
497 4003 568 4070 quo
602 3980 829 4049 continentur
858 3981 1009 4053 Unnnur
1040 3983 1151 4054 Peru
1176 3984 1245 4057 IV.
1276 3985 1446 4077 Epistolae

429 4091 570 4163 LXIV.
609 4093 819 4166 erminum
849 4095 959 4166 ans
990 4097 1060 4170 IV.
1079 4098 1250 4191 Epistolae
1279 4099 1446 4171 DCCXI.

425 4207 584 4280 Jonnurs
615 4207 746 4279 XXII.
766 4208 954 4283 Processus
974 4215 1061 4283 varii
1083 4215 1121 4282 in
1139 4213 1360 4285 Ludovicum
1380 4216 1448 4286 Ba

426 4346 548 4394 varum
583 4331 620 4392 et
652 4323 727 4415 ejus
759 4325 934 4398 Asseclus.
986 4328 1205 4401 Iunocnnr11
1228 4329 1297 4402 VI.
1324 4331 1448 4426 Regis·

425 4449 522 4510 trum
547 4437 786 4531 Epistularum
820 4465 912 4513 anno
944 4463 1114 4514 uocem.
1166 4445 1320 4538 Aliaque
1347 4447 1448 4541 plura
