3164 5104
488 403 851 492 nermopoaru.

130 658 176 715 II.
194 657 303 716 Incerti
315 656 434 716 Asturis
447 655 483 714 de
494 655 741 716 Pretensionibus
752 655 897 735 Principis
908 654 1132 733 Eggeubergiei,

171 753 277 830 Legati
291 751 424 820 Carmei
439 749 632 830 Opusoulum.

129 849 194 908 111.
209 848 326 908 Relatio
340 847 377 906 de
392 847 675 906 Controuersiarum
692 845 828 925 Principe
839 845 1044 924 Eggenbergio
1057 857 1131 916 orta,

172 966 285 1006 annexo
294 945 409 1023 judicio
423 944 555 1003 Antoria.
1175 945 1232 1020 767

129 1043 192 1102 IV.
215 1043 398 1112 Informatio‚
422 1051 555 1122 porrecta
581 1039 725 1098 Clementi
745 1038 837 1098 VIIl.
862 1037 899 1097 de
923 1038 1012 1116 justis
1039 1041 1133 1104 musis

173 1139 339 1200 obtiueudoe
354 1138 587 1218 Dispensationis
601 1136 792 1205 Matrimonii,
802 1137 942 1195 oontracti
957 1137 1034 1196 inter
1046 1137 1130 1195 Prin-

174 1236 267 1314 cipem
292 1234 489 1312 Lotharingiae
512 1233 706 1300 catholicum,
728 1243 759 1291 et
784 1231 980 1300 Catharinam,
1001 1232 1131 1292 Francia}

175 1333 266 1411 Regis
279 1331 518 1391 christianissimi
532 1350 659 1390 sororem
673 1329 848 1388 hereticam.
1175 1331 1230 1406 781

613 1601 764 1676 XVIII.

178 1751 277 1836 Apud
304 1769 419 1815 novam
447 1747 619 1814 editionem
647 1747 759 1811 Jnoonr
788 1747 942 1812 Onussam
971 1748 1140 1835 Operum,
1163 1771 1234 1835 quae

132 1853 320 1918 Ratisbonoe
341 1873 426 1918 auno
449 1873 641 1916 unoomrv.
664 1858 698 1916 et
720 1849 812 1916 annis
837 1851 1042 1936 sequentibus
1066 1853 1153 1918 edita
1174 1859 1233 1933 est,

131 1963 254 2044 prater
276 1955 435 2021 Humilias
457 1961 493 2020 et
514 1953 678 2040 Exoerpta
702 1955 743 2019 do
768 1953 870 2020 Oruoe
894 1955 995 2019 Tomo
1018 1957 1066 2020 II.
1094 1977 1234 2043 eompre-

131 2058 243 2136 hensa‚
275 2058 331 2143 (de
358 2058 472 2144 quibus
506 2056 716 2123 sonsulendus
745 2063 796 2122 ost
826 2057 959 2140 litigius
987 2059 1028 2122 de
1054 2058 1137 2124 Bibl.
1162 2059 1229 2123 ΡΡ.

132 2184 166 2246 p.
184 2159 363 2245 608-610.)

454 2354 556 2419 Tomo
577 2351 677 2418 XIV.
699 2353 911 2432 eontinentur,

132 2490 167 2548 S.
182 2491 347 2550 Ganoonn
369 2491 517 2550 Nrssarrr
539 2490 772 2550 commentarius
792 2489 902 2569 duplex
923 2490 954 2547 in
977 2489 1160 2549 Psalmorum
1182 2491 1234 2550 In.

176 2589 357 2667 scriptiones.

133 2681 294 2760 Appendin
317 2682 355 2742 ad
376 2683 501 2762 ejusdem
529 2683 561 2742 8.
581 2683 746 2743 Gnuooan
771 2683 920 2742 Nassnnr
942 2683 1051 2763 Opera,
1075 2687 1105 2743 iu
1127 2687 1232 2764 qual.

178 2779 387 2858 Prolegomena
403 2779 440 2838 de
457 2779 488 2840 S.
500 2780 642 2860 Gregorio
654 2779 801 2862 Nysaeno,
815 2780 964 2860 ipsiusque
980 2780 1117 2841 adversus
1132 2782 1234 2842 Euno-

177 2877 269 2935 mium
284 2895 382 2956 opere.

136 2992 164 3032 2.
181 2972 314 3052 Epistola
330 2973 458 3053 Nysseni
478 2973 516 3032 ad
531 2973 654 3032 Petrum
674 2974 794 3034 fratrem
815 2995 911 3046 suum,
926 2975 1107 3056 Episoopum
1130 2977 1233 3038 Sebas-

176 3081 288 3138 tenam,
302 3069 339 3128 de
352 3070 535 3150 suscipienda
548 3071 726 3131 refutatione
740 3071 891 3133 Eunomii.

135 3185 164 3242 3.
180 3166 284 3225 Pan-ar
298 3165 335 3225 ad
349 3167 517 3246 Nyssenunr
532 3169 690 3248 responsio.

134 3285 165 3338 4.
180 3263 344 3323 Summaria
357 3285 409 3323 seu
423 3264 572 3324 Periocha
585 3265 660 3324 XII.
674 3266 813 3326 librorum
828 3268 966 3328 adversus
981 3268 1169 3328 Eunomium.

135 3379 166 3438 5.
182 3361 272 3421 Liber
285 3361 395 3440 primus
408 3371 509 3420 ooutra
520 3361 710 3421 Ilunomium.

134 3461 167 3518 6.
182 3458 286 3518 Oratio
300 3457 337 3517 de
351 3458 539 3518 Poenitentia.

137 3573 165 3630 7.
181 3557 249 3615 Vita
262 3555 295 3614 S.
307 3555 444 3614 Macrine
454 3555 594 3634 Virginis,
606 3558 712 3617 sororis
726 3557 758 3617 S.
773 3557 908 3638 Nysseni.

136 3653 166 3711 8.
182 3653 286 3713 Oratio
300 3654 387 3712 tertia
400 3653 431 3712 in
446 3653 513 3711 XL.
524 3655 679 3734 Martyres.
785 3665 787 3669 ’

134 3771 165 3828 9.
180 3751 284 3810 Oratio
297 3751 435 3809 adversus
450 3771 509 3820 eos,
524 3751 573 3828 qui
589 3751 729 3811 differunt
745 3751 936 3831 Baptismum.

138 3867 186 3906 10.
202 3848 305 3906 Oratio
318 3857 419 3906 eontra
434 3847 599 3907 Usurarios.

137 3963 184 4004 11.
199 3943 304 4004 Oratio
317 3943 354 4003 de
370 3943 561 4024 Pauperibus,
572 3953 603 4004 et
617 3944 824 4005 Benefieentia.

168 4187 288 4238 essenti
317 4190 422 4240 Gratseri
452 4189 577 4240 Sederatis
603 4190 665 4240 Jesu
699 4191 1155 4242 editionsiusertiaarmtaetillustrata
1168 4207 1235 4241 nuno

134 4252 255 4316 tamiagi
282 4253 364 4317 Opem
391 4254 483 4303 Omnia
509 4255 612 4304 antelmo
635 4256 666 4304 ab
698 4256 935 4306 seleotoordinsad
957 4267 1034 4307 uentos
1056 4257 1140 4306 titulos
1163 4271 1231 4304 revo-

133 4323 238 4384 ipsomet
265 4320 373 4369 Αιιοιοιο
398 4329 509 4369 murman
535 4321 666 4383 magistra,
699 4331 762 4370 nara.
791 4321 937 4382 Rarisbons,
955 4323 1033 4372 Anno
1049 4333 1235 4371 noexxxrv-

134 4384 267 4450 opu-aulis
288 4384 380 4446 multis,
402 4385 475 4446 notis,
497 4393 522 4433 et
549 4385 671 4448 I’arslipo-
705 4399 764 4435 xm.
792 4387 823 4436 In
836 4385 907 4436 Tum.
920 4387 1009 4438 xv11.

134 4451 215 4502 mis
238 4449 356 4514 pluribus,
376 4449 479 4514 propriis
497 4447 555 4499 loeta
576 4449 603 4498 ln
626 4449 671 4500 hac
