3192 5112
470 399 619 480 Daclm'i
638 415 842 502 Spicibps'om

127 649 314 709 Snrrnnrsus
338 647 535 708 Arvernorum
558 649 721 730 Episcopus
741 648 900 708 Ecclesiam
922 648 1106 708 Liciniacen·

161 767 218 807 sem
231 765 284 826 pro
298 745 373 806 Xll.
388 746 541 806 Canonicis
555 746 669 806 fundat.

126 846 305 904 Ganrnrnne
340 846 387 904 cui
420 865 579 923 cognomen
611 843 852 922 Griseapsnellu
881 842 1105 922 Andegavorum

161 943 269 1011 Comes,
285 941 446 1001 Monscbos
459 942 489 999 in
504 941 635 1000 Ecclesia
649 941 679 1000 8.
691 941 792 1000 Albini
806 941 966 1000 constituit.
1142 959 1200 1020 377

125 1040 275 1098 bmnaau
298 1039 474 1098 Francorum
497 1039 586 1116 Regis
611 1039 802 1118 Praeceptum,
823 1057 881 1116 quo
902 1039 977 1097 bons
998 1039 1105 1098 Mona.

159 1137 243 1196 sterio
258 1135 494 1196 Grandis-Vallis
507 1135 611 1196 collata
624 1135 782 1196 confirmat.
1145 1141 1204 1216 338

126 1235 276 1294 Ruinaldus
297 1234 415 1314 eligitur
438 1235 469 1294 in
490 1235 629 1295 Abbutem
653 1233 684 1293 S.
700 1233 802 1293 Albini
818 1233 1045 1312 Andegsvensis‚
1059 1235 1102 1292 vi.

159 1343 241 1391 rente
255 1331 401 1392 Gnnterio
414 1331 538 1391 Abbate.
1132 1333 1202 1393 ibid.

124 1425 152 1484 8.
162 1425 249 1485 Odilo
261 1424 381 1505 eligitur
394 1426 424 1484 in
436 1426 581 1486 Abbstem
590 1424 819 1496 cluniacensem,
830 1427 946 1485 vivente
960 1425 991 1484 S.
1001 1426 1112 1485 Maiolo

158 1522 280 1582 Abbste.
1142 1543 1202 1605 379

126 1619 298 1680 Gsnsbenns
311 1621 429 1700 eligitur
443 1620 607 1701 Episcopus
621 1621 814 1681 Catnrcensis.
1133 1624 1203 1685 ibid.

124 1718 258 1777 Cossum
285 1718 465 1798 Burgundio.
494 1719 585 1798 Regis
614 1718 804 1799 Praeceptum,
829 1739 887 1798 quo
909 1720 987 1778 varia
1013 1720 1102 1780 donat

159 1815 336 1876 blonssterio
350 1816 381 1875 8.
393 1816 520 1876 Andreae
535 1817 721 1876 Viennensis.
1143 1821 1201 1896 380

125 1912 258 1973 &nutri
280 1913 460 1993 Burgundio
481 1913 570 1993 Regis
585 1913 774 1993 Praceptum,
789 1935 847 1993 quo
869 1913 1019 1975 confirmat
1038 1937 1102 1994 quse

157 2011 245 2071 eidem
260 2011 443 2070 Monasterio
456 2023 539 2091 pater
552 2031 623 2071 suus
636 2011 801 2070 donaverat.
1131 2014 1202 2076 ibid.

124 2107 151 2166 8.
165 2109 320 2168 Onruours
348 2109 471 2168 Abbatis
498 2109 696 2168 Cluniacensis
720 2109 853 2189 Epistoln
879 2109 916 2169 sd
941 2109 1099 2170 Paternum

157 2208 297 2269 Abbatem
318 2209 351 2268 S.
365 2209 487 2268 Josnnis
502 2208 694 2268 Pinnatensis.
1143 2215 1198 2288 381

123 2305 248 2366 Joarersrs
262 2306 359 2366 ΡΜ
373 2305 429 2364 ΙΧ.
445 2303 579 2386 Epistola
592 2304 629 2363 ad
643 2305 675 2364 S.
687 2304 853 2366 Odilonem.
1132 2311 1203 2371 ibid.

124 2403 152 2464 8.
161 2403 313 2463 Onrconrs
328 2402 461 2482 Epistola
474 2401 511 2460 sd
525 2403 655 2462 Garsism
672 2403 782 2481 Regem
797 2403 945 2464 Navarrsc.
1130 2409 1203 2468 ibid.

124 2501 249 2580 Ejusdm
264 2500 398 2581 Epistola
411 2499 449 2558 ad
463 2500 627 2560 Metronam
642 2501 805 2579 quemdem.
1128 2505 1203 2567 ibid.

124 2597 252 2658 Monccli
275 2598 428 2678 cujusdam
452 2596 586 2677 Epistola
613 2597 649 2656 ed
670 2597 831 2658 Monscbos
856 2599 887 2659 S.
901 2599 1026 2680 Benigni
1046 2603 1100 2660 Di·

193 2697 345 2756 nonensis.
1141 2701 1198 2776 382

123 2793 291 2852 Constitutio
306 2793 511 2852 Mesochorum
528 2793 560 2852 S.
573 2793 692 2852 Andreae
707 2793 880 2862 Viennensis,
895 2815 952 2873 qua
971 2797 1024 2856 sibi
1042 2797 1104 2854 sur.

158 2899 216 2948 tum
230 2888 399 2950 utensilium
415 2888 599 2948 interdicunt.
1130 2893 1200 2952 ibid.

122 2986 205 3046 (insto
219 2987 394 3048 Bearnends
408 2985 577 3047 vicecomes
596 2987 682 3046 filiam
703 3007 783 3047 susm
799 2987 983 3048 Guillelnram
1000 2991 1104 3050 Sancio

158 3083 242 3164 Regis
256 3083 393 3144 Castellse
407 3083 467 3142 filio
480 3085 510 3142 in
524 3085 736 3143 matrimonium
750 3084 818 3144 dare
832 3085 963 3164 spondet.
1144 3089 1201 3162 382

124 3180 254 3242 Pouurus
264 3182 509 3262 Archiepiscopus
520 3181 700 3241 Arelatensis
712 3181 911 3261 Indulgentiae
925 3184 1056 3244 concedit
1069 3185 1100 3243 in

157 3278 344 3340 Dedicatione
359 3279 506 3350 Ecclesia,
521 3289 551 3338 et
572 3279 731 3338 Confirmat
752 3279 908 3358 Privilegia
922 3280 1101 3342 Monasterio

156 3377 402 3455 Montis-Maioris
415 3397 548 3437 concesse
561 3397 578 3435 a
591 3376 718 3436 Summis
732 3376 932 3437 Pontificibus.
1141 3384 1198 3458 383

126 3473 366 3534 Hsunnsnnrus
382 3473 545 3554 Episcopus
559 3473 770 3534 Avenionensis
790 3495 822 3534 ac
837 3475 1024 3536 Rosnsonus
1042 3499 1100 3537 non

157 3593 242 3653 penca
255 3575 366 3633 donant
379 3574 559 3633 Monasterio
574 3573 605 3632 8.
614 3571 749 3632 Andreae.
1141 3580 1200 3654 384

123 3668 218 3730 Eidem
235 3673 377 3731 bonorum
400 3691 518 3730 suorum
538 3681 650 3750 partem
671 3669 779 3729 donant
794 3672 955 3729 Grnurrsus
976 3683 1006 3731 et
1026 3692 1100 3732 uxor

157 3770 215 3847 ejus
229 3769 408 3828 Constantis.
1138 3774 1177 3850 38
1179 3787 1196 3850 5

124 3865 251 3928 Porcius
274 3867 451 3927 Gubalorum
475 3887 508 3926 sc
531 3865 642 3925 Foresii
668 3866 772 3926 Comes
794 3865 952 3926 Ecclesiam
974 3869 1098 3926 Canoni-

157 3985 251 4024 corum
266 3964 466 4024 Colidensium
479 3963 595 4023 fundet.
1131 3965 1202 4027 ibid.

123 4060 151 4120 S.
171 4061 339 4122 Hernicus
365 4061 594 4122 Alemannorum
621 4061 697 4128 Rex,
725 4060 908 4141 postmodum
937 4062 1098 4142 Imperator

157 4157 300 4240 Episcopo
326 4171 357 4219 et
383 4159 493 4218 Abbati
520 4157 551 4216 8.
577 4157 731 4217 Michaelis
757 4159 787 4216 in
816 4157 996 4228 Formiana,
1023 4159 1099 4218 bona

157 4259 248 4316 omnis
265 4267 295 4316 et
309 4257 376 4334 jura
395 4277 447 4315 sua
465 4254 624 4315 confirmat.
1143 4257 1203 4330 386

124 4351 303 4415 chssnnus
331 4355 465 4414 Marchio
492 4353 679 4412 Norrnannioe
707 4354 798 4412 multa
825 4355 937 4414 confert
965 4352 1102 4412 Ecclesiae

158 4449 335 4523 Carnutensi‚
352 4463 385 4512 ut
399 4451 503 4512 damna
516 4469 580 4528 que
594 4449 637 4508 illi
651 4450 797 4518 intulerat.
811 4451 970 4510 resarciret.
1132 4449 1202 4508 ibid.

623 4565 677 4623 ⁸3
