3192 5112
696 381 796 464 Woifii
811 381 966 444 Amodata
983 382 1101 444 Grcoeo.

419 559 456 620 et
492 549 620 622 Felicis
662 547 791 620 Mariae
827 548 1098 644 Wirtenberger
1135 547 1221 622 Ord.
1257 549 1356 621 Serv.
1396 551 1438 620 B.
1548 589 1556 602 ·

419 664 545 737 Mariae
575 665 677 760 Virg.
705 665 982 736 Conoionatoris.
1034 665 1208 761 Augusta
1234 663 1442 738 Vindelico-

417 802 496 850 mm
530 789 568 850 et
596 779 734 861 Gmcii,
765 779 975 872 Sumptibus
1003 779 1168 852 Fratrum
1198 781 1322 866 Veith,
1347 804 1441 854 anno

419 910 695 964 Moccxxvur.

434 1084 619 1170 Insequenti
633 1105 717 1150 anno
732 1083 850 1148 Tomos
864 1083 923 1149 hos
938 1084 1076 1170 quinque
1092 1085 1210 1150 Sextus
1224 1085 1360 1170 exoepit.

342 1275 466 1347 Codex
502 1272 1175 1368 Diplomatico-Historioo-Epistolaris,
1210 1296 1280 1366 quo
1316 1272 1440 1366 Diplo-

416 1400 523 1474 mata,
541 1390 694 1472 Chartae,
721 1388 904 1482 Epistolae,
930 1388 1144 1482 Fragmenta
1167 1387 1439 1482 Opusoulomm,

417 1506 617 1600 Epitaphia,
651 1515 690 1576 et
729 1504 799 1576 alia
832 1505 868 1576 id
905 1527 1017 1600 genus
1051 1514 1172 1576 vetera
1208 1515 1440 1576 monumenta

417 1622 631 1694 Pontificum
656 1619 761 1691 Rom.
779 1618 1146 1714 Archiepiscoporum,
1172 1621 1437 1713 Episcoporum,

415 1737 611 1820 Abbatum,
658 1736 928 1829 Imperatorum,
976 1735 1127 1830 Regum,
1177 1735 1437 1818 Marohionum,

416 1853 569 1936 Ducum,
591 1853 783 1934 Comitum,
806 1851 1025 1944 aliorumque
1052 1851 1249 1923 Illustrium
1268 1851 1436 1924 Virorum

415 1967 593 2041 aSooulo
619 1967 750 2039 Christi
777 1967 913 2051 Quinto
940 1989 1052 2059 usque
1079 1969 1124 2038 ad
1149 1967 1338 2038 Decimum
1364 1968 1438 2038 fere
1553 1963 1561 1989 ’

416 2085 569 2156 Sextum
587 2084 823 2165 eontinentur,
835 2083 1015 2175 totiusque
1032 2107 1123 2176 pene
1142 2083 1295 2176 Europae
1313 2081 1437 2152 Histo-

415 2202 467 2270 ria
508 2199 713 2270 illustratur.
770 2197 952 2268 Prodeunt
994 2221 1088 2270 nuno
1127 2199 1246 2268 omnia
1283 2199 1437 2290 primum

416 2324 494 2386 tum
513 2315 669 2407 junctim
695 2337 776 2384 cum
803 2313 946 2406 reliquis
972 2313 1141 2384 Thesauri
1168 2312 1435 2384 Aneodotorum

416 2429 611 2501 Novissimi
644 2429 774 2512 Tomis,
808 2453 959 2522 quorum
1001 2431 1060 2502 hio
1093 2431 1225 2502 Sextus
1257 2438 1323 2512 est,
1357 2438 1435 2499 turn

415 2547 524 2618 etiam
562 2547 749 2639 separatim
790 2569 836 2617 ex
872 2545 1099 2618 Diversamm
1134 2546 1436 2618 Bibliotheoarum

416 2661 527 2733 MSS.
546 2661 657 2734 Codd.
688 2670 726 2732 at
751 2659 989 2733 Arohivorum
1017 2661 1249 2744 Membranis,
1267 2685 1373 2754 opera
1397 2671 1438 2732 et

413 2780 532 2851 studio
557 2778 637 2850 RR.
660 2777 732 2849 ΡΡ.
755 2777 926 2849 Bomardi
952 2778 1034 2862 Pez,
1058 2778 1281 2850 Benedictini
1312 2787 1350 2848 et
1375 2777 1436 2848 Bi-

413 2894 634 2966 bliotheearii
653 2892 882 2976 Mollioensis,
900 2903 938 2964 ot
960 2893 1147 2964 Philiberti
1174 2893 1332 2976 Hueber,
1349 2895 1434 2963 dum

414 3011 558 3092 viveret,
585 3007 784 3079 Arohivarii
812 3009 937 3079 itidem
966 3007 1102 3078 Mellio.
1129 3008 1306 3102 Augustae
1324 3007 1433 3080 Vind.

413 3133 452 3195 et
483 3123 625 3206 Graeoii,
652 3121 861 3215 Sumptibus
888 3122 1051 3194 Fratrum
1073 3122 1313 3206 Veithiorum,
1342 3129 1434 3196 anuo

415 3255 656 3308 Moccxxlx.

841 3387 929 3459 VII.

380 3547 491 3635 Neque
506 3548 590 3614 inter
605 3549 828 3614 Protestantes
850 3549 1018 3615 defuenmt
1041 3552 1094 3636 qui
1109 3551 1246 3616 virorum
1267 3552 1433 3617 dootorum

336 3651 434 3716 saeris
464 3651 616 3717 Romanae
646 3651 796 3716 Eoolesioe
828 3651 1030 3718 addictorum
1062 3653 1187 3719 labores
1220 3653 1431 3720 imitarentur.

337 3753 464 3819 Primus
486 3769 563 3820 ante
589 3776 698 3819 omnes
723 3753 814 3818 nobis
842 3777 877 3820 se
902 3755 995 3821 offert
1016 3757 1159 3820 Jonnnss
1184 3756 1432 3822 Cnnrsrornonus

338 3855 497 3934 Wourrus,
510 3855 785 3942 Hamburgonsis3
810 3857 864 3942 qui
880 3857 1036 3923 Amodata
1055 3859 1201 3943 quaedam
1219 3859 1328 3923 Groeoa
1345 3859 1432 3944 apud

335 3957 439 4022 varias
453 3958 661 4024 bibliothecas
674 3960 830 4025 haetenus
843 3959 979 4026 latentia
993 3960 1110 4044 publioi
1121 3960 1203 4045 juris
1218 3959 1301 4038 feeit,
1311 3981 1349 4025 ao
1365 3983 1430 4026 suae

334 4059 511 4124 oolleotioni
525 4059 610 4125 huno
624 4061 755 4126 titulum
769 4061 925 4146 praefixit:

334 4215 524 4288 Anecdota
540 4216 673 4299 Graes,
692 4215 801 4294 Sacra
818 4229 855 4289 et
873 4218 1034 4301 Profana,
1052 4243 1099 4290 ex
1116 4219 1305 4290 Codioibus
1322 4241 1431 4290 manu

408 4331 562 4402 exaratis
595 4352 689 4401 nune
723 4333 877 4424 primum
915 4331 951 4401 in
985 4331 1103 4402 luoem
1138 4333 1242 4414 edita,
1271 4333 1430 4403 versione

410 4446 538 4519 Latina
553 4446 693 4530 donata,
712 4456 749 4518 et
766 4449 859 4520 notis
876 4447 1051 4520 illustrata
1067 4473 1089 4521 a
1105 4448 1162 4520 Jo.
1177 4447 1429 4541 Christophoro
