3164 5104
338 387 403 452 lot
589 383 730 450 Keller-ii
743 381 895 450 Aulam
909 385 1181 450 limorum,

340 642 574 702 constitutiones
591 641 766 702 clericorum
781 639 964 698 Smlorium
977 641 1007 696 in
1021 659 1164 699 muse
1177 641 1342 702 nominor,
1387 555 1442 617 ¹³¹!

381 739 471 817 vulgo
485 739 769 798 Bartholomitorum.
811 737 884 796 Sec.
900 735 1009 794 XVII.
1388 749 1447 810 543

341 835 574 894 constitutiones
595 834 768 894 Monnsterii
784 833 971 913 Trappensis,
987 833 1110 893 Ordinis
1130 833 1344 892 Cisterciensis.

382 931 455 993 Sec.
471 931 578 992 XVII.
1387 931 1449 1006 596

816 1111 967 1184 XXIX.

384 1310 507 1376 Eodem
521 1310 587 1375 iere
601 1317 745 1396 tempore
760 1309 897 1373 Anonos
913 1307 1102 1371 annorscne
1120 1307 1309 1382 Konnnnros,
1327 1305 1451 1368 Biblio

340 1411 501 1476 theoni-ius
537 1409 803 1488 vindobonensis,
834 1410 913 1474 duos
941 1417 1046 1474 tomos
1076 1408 1367 1472 Monumentorum
1404 1406 1451 1469 in-

340 1513 499 1578 editorum
520 1513 554 1576 in
575 1512 845 1578 Bibliotheoerum
870 1512 1017 1577 Oeeenreo
1033 1512 1195 1596 hueusque
1216 1509 1397 1576 latentium
1419 1509 1451 1571 in

340 1613 443 1680 luoem
468 1613 578 1678 edidit.
635 1614 754 1678 Tomos
780 1613 874 1677 Prior
902 1613 995 1677 istius
1024 1612 1225 1678 collectionis
1254 1611 1318 1674 hoo
1351 1610 1452 1676 tittdo

341 1715 503 1802 signetur:

342 1904 519 1976 Analecta
546 1903 864 1975 Monumentorum
899 1905 1012 1976 omnis
1039 1905 1108 1976 aevi
1139 1903 1451 1974 vindobonensia

417 2021 535 2114 Opere
552 2029 589 2091 et
606 2021 723 2091 studio
741 2019 873 2090 Adnmi
892 2019 1068 2090 Francisoi
1086 2018 1246 2099 Kollorii,
1265 2017 1451 2086 Pannonii

416 2136 668 2218 Neosoliensis,
687 2135 813 2206 Meriae
833 2135 1010 2206 Theresiae
1033 2133 1129 2228 Aug.
1155 2157 1177 2204 e
1201 2132 1387 2215 consiliis,
1414 2141 1452 2202 et

417 2251 512 2346 Aug.
540 2251 774 2322 Bibliotheoae
805 2250 1091 2322 Vindoboneneie
1119 2249 1229 2320 Primi
1263 2249 1451 2319 custodis

416 2365 547 2437 Tomos
565 2367 594 2436 I.
634 2367 871 2449 vindobonae,
888 2366 994 2459 Typis
1011 2375 1049 2436 et
1066 2365 1276 2457 sumptibus
1292 2363 1454 2435 Joannis

416 2479 562 2551 Thomae
579 2480 754 2564 Trettner,
771 2481 863 2550 nulae
881 2489 919 2551 et
936 2479 1147 2573 inclytorum
1166 2480 1352 2550 Inferioris
1371 2477 1454 2548 An-

416 2597 509 2666 strioe
526 2595 701 2668 Ordinum
718 2597 868 2692 Typogr.
896 2595 1005 2666 Anno
1022 2617 1235 2670 cmmccnxr.
1287 2595 1452 2666 infolio.

354 2793 456 2856 Index
471 2813 580 2856 eorum
595 2813 665 2876 quoe
676 2792 709 2857 in
724 2791 952 2857 Annleotornm
968 2791 1263 2855 Vindobonensium
1280 2789 1392 2855 Tomo
1410 2791 1438 2854 l.

779 2894 991 2960 eontinentur.

343 3019 575 3080 constitutiones
598 3021 708 3080 Fratris
736 3023 911 3092 Gwrnonrn,
944 3021 1022 3080 tituli
1061 3021 1093 3080 S.
1119 3021 1271 3080 Laurentii
1311 3025 1342 3079 in

383 3117 496 3177 Lucina
518 3117 683 3198 Presbyteri
703 3117 872 3185 cardinalis,
892 3130 923 3178 et
937 3118 1115 3198 Apostolioae
1134 3118 1210 3177 sedis
1223 3119 1341 3197 Legati,

382 3214 571 3292 promulgator
598 3215 629 3272 in
657 3214 788 3273 Concilio
817 3215 991 3274 Provincinli
1020 3215 1252 3282 vindobonensi,
1279 3215 1343 3274 sive

383 3311 555 3378 Viennensi
565 3311 594 3368 in
604 3309 735 3381 Austris,
744 3323 848 3389 quarto
860 3313 932 3372 Idus
941 3314 1026 3392 Moji.
1041 3313 1080 3371 A.
1089 3315 1127 3370 D.
1138 3332 1331 3372 croconxvrr.
1346 3314 1425 3394 Peg.
1439 3333 1449 3371 r

343 3409 468 3468 Decreta
496 3410 649 3478 Cononien,
677 3409 714 3467 nb
740 3409 842 3468 eodem
875 3411 1032 3470 Gwrnonn
1068 3410 1225 3479 cardinali,
1256 3410 1341 3487 Apo-

382 3504 484 3565 stolioo
497 3505 618 3583 negato,
634 3525 670 3564 ex
685 3504 765 3564 dicto
779 3505 909 3566 concilio
925 3508 1075 3586 Hungnris
1088 3507 1165 3566 dota.
1413 3527 1452 3564 η

343 3603 543 3662 Rationorium
559 3601 687 3660 Austris}
701 3614 731 3661 et
745 3603 850 3681 styrie
864 3604 900 3662 sb
915 3603 1065 3663 Hnnuroo
1080 3603 1232 3682 Thuringo
1251 3603 1339 3660 Otto·

383 3699 441 3759 onri
463 3698 552 3777 Regis
571 3697 727 3764 Bohemioe,
750 3699 843 3756 Ducis
865 3698 995 3758 Austriae
1013 3711 1043 3758 et
1067 3699 1183 3780 Styrioe,
1204 3711 1233 3760 et
1259 3702 1339 3759 Mor·

383 3797 495 3856 chionis
509 3795 649 3852 llIornvioe
664 3795 809 3864 Notario;
832 3797 936 3874 partim
951 3797 1006 3855 sub
1024 3797 1087 3876 ipso
1103 3798 1184 3876 Rege
1198 3797 1342 3856 Ottocaro

384 3893 473 3950 Anno
501 3909 665 3958 croccnxv,
694 3901 725 3949 et
748 3910 853 3959 nxvrr;
884 3894 990 3971 partim
1014 3904 1112 3953 nutem
1140 3905 1206 3974 post
1230 3915 1339 3953 annum

383 4004 589 4048 croconxxrrr.
604 3987 658 4045 sub
673 3987 749 4066 Imp.
767 3987 924 4067 Rudolpho
939 3990 964 4047 1.
980 3990 1182 4068 compositum.
1414 4012 1451 4068 ²7

345 4087 443 4148 Prima
471 4083 589 4142 statuta
616 4094 646 4142 et
675 4084 830 4164 Privilegin
863 4085 985 4167 Inclytoe
1010 4086 1169 4146 Academico
1201 4087 1338 4146 Vindobo-

385 4183 487 4245 nensis.
1409 4205 1450 4260 42

344 4284 463 4342 statuta
476 4289 507 4338 et
523 4277 679 4357 Privilegin
695 4281 852 4340 Academiae
865 4281 891 4339 V
889 4280 1085 4340 irrdobonense's
1099 4281 1267 4348 recentiore,
1278 4280 1340 4340 slve

360 4401 367 4414 ··
384 4377 502 4438 Sanctio
517 4376 697 4454 Pragmation
713 4377 891 4436 Ferdirrondi
906 4377 948 4434 11.
967 4375 1163 4455 Imperatoris.
1387 4378 1446 4436 281
