3172 5108
304 329 370 394 216
620 321 767 390 Obmir'tr
782 321 842 386 HS.
853 320 966 384 Patres
983 317 1098 383 Groeoi.

660 607 761 673 Tomo
777 605 837 670 IV.
854 603 1058 670 eontinentur

312 775 507 832 Cnnunnrrs
521 769 760 829 Annxurrnnrm
776 766 947 826 Cohortutio
961 764 999 824 sd
1012 765 1132 824 Gentes.

578 866 734 946 Paedogogi
754 865 844 924 Liber
865 863 1005 922 1.11.er
1026 861 1088 920 111.
1109 859 1146 920 nd
1167 859 1316 940 exemplar
1338 858 1418 918 uui-

353 967 443 1027 tionis
457 965 643 1024 Potteriunoe.

670 1141 772 1204 'Iomo
787 1138 830 1204 V.
845 1138 1048 1204 eontinentur

315 1285 510 1344 Onnununre
524 1280 760 1340 Annxuunnrur
776 1277 957 1337 Strometnm
970 1274 1060 1334 Liber
1074 1273 1099 1331 1.
1115 1273 1157 1331 11.
1172 1271 1233 1330 111.
1248 1280 1280 1330 et
1294 1271 1352 1331 IV.

662 1489 762 1555 Tomo
779 1489 840 1552 VI.
856 1485 1060 1552 eontinentur

316 1645 508 1704 Cunununrs
522 1642 755 1702 Annxuunnrur
770 1641 951 1700 Stromutum
965 1637 1055 1696 Liber
1065 1635 1104 1698 V.
1115 1635 1173 1696 VI.
1184 1634 1262 1694 VII.
1276 1645 1308 1693 et
1322 1632 1419 1692 VIII.

315 1771 557 1789 ·-—---
571 1739 678 1798 Liber:
701 1739 777 1810 Quis
791 1737 872 1796 dives
886 1735 1034 1794 salvetur?

315 1867 559 1884 --·--
574 1835 759 1914 Fragments.

358 2045 467 2110 TomIs
482 2046 536 2130 qui
550 2053 727 2132 sequuntur
747 2043 896 2109 Omnnurs
910 2043 1098 2108 Asuuium
1118 2041 1225 2126 opera
1247 2037 1355 2101 omniu
1375 2037 1421 2100 ud

316 2147 500 2212 Editionem
533 2147 746 2213 Parisiensem
772 2145 878 2212 Caroli
902 2146 943 2210 de
977 2145 1009 2208 lu
1035 2144 1106 2208 Rue
1131 2162 1245 2207 recusa
1276 2138 1422 2224 (Wuoe-

315 2249 418 2336 burgi
433 2249 801 2334 unocnxxx-nnocxmv.)
818 2247 1040 2313 eontinentur:

317 2411 412 2472 Tomo
426 2411 501 2471 VII.
522 2412 606 2472 Libri
620 2412 678 2471 IV.
693 2412 804 2492 priores
818 2421 919 2470 eontra
934 2410 1063 2469 Celsum.

417 2507 509 2567 VIII.
524 2509 607 2568 Libri
621 2507 679 2568 IV.
695 2508 870 2588 posteriores
883 2517 984 2566 eontra
998 2504 1127 2564 Celsum.

417 2603 476 2662 IX.
490 2605 573 2664 Libri
589 2605 647 2664 IV.
661 2608 721 2680 περὶ
734 2607 821 2680 ἀρχῶν
835 2624 887 2664 seu
902 2603 939 2662 de
954 2600 1120 2680 Principiis.

491 2701 625 2762 Libellus
638 2701 675 2761 de
689 2701 839 2762 oratione.

493 2797 670 2858 Exhortatio
684 2799 721 2858 sd
734 2797 923 2877 Martyrium.

428 2894 469 2953 X.
491 2893 633 2973 Dialogus
647 2893 684 2953 de
697 2905 776 2954 rectu
788 2896 820 2952 in
834 2894 933 2954 Deum
948 2891 1032 2952 Fide.

493 2989 644 3049 Adversus
657 3010 758 3049 ornnes
772 2990 908 3049 Hoereses
921 2989 1011 3049 Liber
1024 2989 1086 3048 sive
1100 2985 1383 3066 Philosopbnmenu.

387 3157 391 3166 ,
495 3085 637 3163 Epistola
651 3107 716 3165 qnae
730 3098 897 3166 supersunt.

420 3181 478 3241 XI.
493 3181 717 3254 commentaris,
733 3183 847 3242 selecta
861 3196 892 3242 et
906 3183 1046 3242 Homilioe
1059 3182 1091 3241 in
1105 3180 1247 3241 Genesin.

495 3277 719 3348 commentaria,
735 3277 852 3338 Seleetu
864 3289 894 3338 et
909 3277 1049 3336 Homiliae
1063 3279 1094 3336 in
1109 3275 1259 3336 Exodum.

422 3373 498 3433 XII.
513 3371 628 3432 Selectu
642 3385 673 3432 et
688 3373 827 3433 Homilioe
840 3375 871 3434 in
885 3374 1060 3434 Levitienm.

496 3471 610 3531 Selectu
623 3481 654 3530 et
669 3472 807 3532 Homiliae
821 3473 852 3531 in
867 3473 899 3530 N
900 3491 1023 3531 umeros.

498 3567 613 3627 Selectu
626 3569 657 3626 in
672 3569 944 3628 Deuteronomium.

496 3663 611 3724 Selectr
625 3674 655 3724 et
670 3665 810 3724 Homilioe
823 3665 855 3723 in
869 3665 951 3726 Libr.
966 3665 986 3723 J
988 3683 1039 3724 esu
1053 3663 1148 3723 Nave.

423 3759 518 3820 XIII.
534 3760 649 3820 selectu
662 3772 694 3820 et
707 3761 846 3820 Homiliu
860 3762 891 3820 in
904 3762 1028 3822 Librum
1042 3760 1193 3826 Judicnm,
1208 3768 1240 3818 et
1254 3757 1351 3820 Ruth.

499 3856 613 3916 Selecta
626 3867 657 3917 et
672 3857 810 3917 Homilioe
824 3859 855 3918 in
868 3859 992 3919 Librum
1007 3860 1139 3918 Primum
1154 3858 1283 3936 Regum.

498 3951 613 4011 Selecta
627 3955 657 4011 in
671 3954 793 4013 Librum
808 3955 876 4014 Job.

499 4046 614 4107 Selects
627 4049 657 4106 in
669 4049 799 4110 Pserimos
809 4071 826 4109 s
835 4051 930 4130 primo
944 4053 981 4111 nd
995 4053 1176 4132 trigesimum
1189 4060 1308 4111 sextum
1324 4070 1425 4128 usqne.

423 4143 513 4204 XIV.
529 4142 644 4203 Selecte
657 4145 688 4202 in
703 4145 833 4206 Pserimos
846 4167 863 4205 n
876 4148 1026 4226 trigesimo
1039 4159 1124 4208 sexto
1140 4167 1234 4226 usque
1247 4147 1286 4206 nd
1300 4146 1424 4206 centesi-

563 4258 644 4298 mum
658 4241 939 4321 quinquagesimum.

423 4319 494 4392 XV.
515 4334 796 4396 Commentariorum
810 4339 841 4396 in
856 4339 1014 4402 Proverbiu
1028 4341 1193 4402 Salomonis
1208 4339 1396 4418 Fragments
