<?xml version="1.0" encoding="UTF-8"?>
<!DOCTYPE html PUBLIC "-//W3C//DTD XHTML 1.0 Transitional//EN"
    "http://www.w3.org/TR/xhtml1/DTD/xhtml1-transitional.dtd">
<html xmlns="http://www.w3.org/1999/xhtml" xml:lang="en" lang="en">
 <head>
  <title>
</title>
<meta http-equiv="Content-Type" content="text/html;charset=utf-8" />
  <meta name='ocr-system' content='tesseract 3.04.00' />
  <meta name='ocr-capabilities' content='ocr_page ocr_carea ocr_par ocr_line ocrx_word'/>
</head>
<body>
  <div class='ocr_page' id='page_1' title='image "./notitiascriptor01dowlgoog_0102.png"; bbox 0 0 3164 5104; ppageno 0'>
   <div class='ocr_carea' id='block_1_1' title="bbox 505 396 863 464">
    <p class='ocr_par' dir='ltr' id='par_1_1' title="bbox 505 396 863 464">
     <span class='ocr_line' id='line_1_1' title="bbox 505 396 863 464; baseline 0.003 -2"><span class='ocrx_word' id='word_1_1' title='bbox 505 396 684 463; x_wconf 81' lang='lat' dir='ltr'>Modillonii</span> <span class='ocrx_word' id='word_1_2' title='bbox 705 397 863 464; x_wconf 69' lang='lat' dir='ltr'>Amiano.</span> 
     </span>
    </p>
   </div>
   <div class='ocr_carea' id='block_1_2' title="bbox 124 649 1225 4548">
    <p class='ocr_par' dir='ltr' id='par_1_2' title="bbox 126 649 1225 922">
     <span class='ocr_line' id='line_1_2' title="bbox 126 649 1124 711; baseline 0.001 -1"><span class='ocrx_word' id='word_1_3' title='bbox 126 652 282 710; x_wconf 77' lang='lat' dir='ltr'>Annanrr</span> <span class='ocrx_word' id='word_1_4' title='bbox 302 663 334 711; x_wconf 88' lang='lat' dir='ltr'>et</span> <span class='ocrx_word' id='word_1_5' title='bbox 352 651 494 711; x_wconf 81' lang='lat' dir='ltr'>Hononrr</span> <span class='ocrx_word' id='word_1_6' title='bbox 516 651 728 710; x_wconf 85' lang='lat' dir='ltr'>Monaehorum</span> <span class='ocrx_word' id='word_1_7' title='bbox 750 649 895 710; x_wconf 84' lang='lat' dir='ltr'>sententia</span> <span class='ocrx_word' id='word_1_8' title='bbox 915 651 952 709; x_wconf 91' lang='lat' dir='ltr'>de</span> <span class='ocrx_word' id='word_1_9' title='bbox 972 651 1053 711; x_wconf 87' lang='lat' dir='ltr'>libris</span> <span class='ocrx_word' id='word_1_10' title='bbox 1068 653 1124 711; x_wconf 84' lang='lat' dir='ltr'>Ga-</span> 
     </span>
     <span class='ocr_line' id='line_1_3' title="bbox 167 746 1124 826; baseline -0.004 -20"><span class='ocrx_word' id='word_1_11' title='bbox 167 749 279 806; x_wconf 88' lang='lat' dir='ltr'>nonieis</span> <span class='ocrx_word' id='word_1_12' title='bbox 293 747 412 807; x_wconf 83' lang='lat' dir='ltr'>Veteris</span> <span class='ocrx_word' id='word_1_13' title='bbox 427 768 461 806; x_wconf 87' lang='lat' dir='ltr'>ae</span> <span class='ocrx_word' id='word_1_14' title='bbox 476 746 506 806; x_wconf 92' lang='lat' dir='ltr'>N</span> <span class='ocrx_word' id='word_1_15' title='bbox 509 748 557 807; x_wconf 83' lang='lat' dir='ltr'>ovi</span> <span class='ocrx_word' id='word_1_16' title='bbox 571 747 762 816; x_wconf 76' lang='lat' dir='ltr'><strong>Testamenti,</strong></span> <span class='ocrx_word' id='word_1_17' title='bbox 776 746 921 826; x_wconf 83' lang='lat' dir='ltr'>simulque</span> <span class='ocrx_word' id='word_1_18' title='bbox 934 747 1029 807; x_wconf 85' lang='lat' dir='ltr'>brevis</span> <span class='ocrx_word' id='word_1_19' title='bbox 1046 748 1124 806; x_wconf 86' lang='lat' dir='ltr'>Con.</span> 
     </span>
     <span class='ocr_line' id='line_1_4' title="bbox 168 842 1225 922; baseline 0.002 -21"><span class='ocrx_word' id='word_1_20' title='bbox 168 843 256 902; x_wconf 84' lang='lat' dir='ltr'>fessio</span> <span class='ocrx_word' id='word_1_21' title='bbox 271 842 367 902; x_wconf 85' lang='lat' dir='ltr'>Fidei.</span> <span class='ocrx_word' id='word_1_22' title='bbox 1189 864 1225 922; x_wconf 89' lang='lat'>27</span> 
     </span>
    </p>

    <p class='ocr_par' dir='ltr' id='par_1_3' title="bbox 124 938 1225 1018">
     <span class='ocr_line' id='line_1_5' title="bbox 124 938 1225 1018; baseline 0.004 -22"><span class='ocrx_word' id='word_1_23' title='bbox 124 938 262 997; x_wconf 85' lang='lat' dir='ltr'>Auxrnn</span> <span class='ocrx_word' id='word_1_24' title='bbox 278 939 433 998; x_wconf 83' lang='lat' dir='ltr'>Tractatus</span> <span class='ocrx_word' id='word_1_25' title='bbox 447 938 484 998; x_wconf 92' lang='lat' dir='ltr'>de</span> <span class='ocrx_word' id='word_1_26' title='bbox 498 959 583 998; x_wconf 82' lang='lat' dir='ltr'>eausa</span> <span class='ocrx_word' id='word_1_27' title='bbox 598 938 732 998; x_wconf 87' lang='lat' dir='ltr'>Formosi</span> <span class='ocrx_word' id='word_1_28' title='bbox 747 939 844 1018; x_wconf 78' lang='lat' dir='ltr'>Paprs.</span> <span class='ocrx_word' id='word_1_29' title='bbox 1188 944 1225 1000; x_wconf 81' lang='lat'>28</span> 
     </span>
    </p>

    <p class='ocr_par' dir='ltr' id='par_1_4' title="bbox 124 1033 1224 1114">
     <span class='ocr_line' id='line_1_6' title="bbox 124 1033 1224 1114; baseline 0.006 -23"><span class='ocrx_word' id='word_1_30' title='bbox 124 1033 291 1094; x_wconf 82' lang='lat' dir='ltr'>Auxrnrus</span> <span class='ocrx_word' id='word_1_31' title='bbox 305 1034 343 1094; x_wconf 92' lang='lat' dir='ltr'>de</span> <span class='ocrx_word' id='word_1_32' title='bbox 357 1035 598 1094; x_wconf 75' lang='lat' dir='ltr'>ordinationibus</span> <span class='ocrx_word' id='word_1_33' title='bbox 611 1055 629 1092; x_wconf 86' lang='lat' dir='ltr'>a</span> <span class='ocrx_word' id='word_1_34' title='bbox 643 1035 784 1092; x_wconf 77' lang='lat' dir='ltr'>Formoso</span> <span class='ocrx_word' id='word_1_35' title='bbox 799 1034 863 1094; x_wconf 88' lang='grc' dir='ltr'>ΡΡ.</span> <span class='ocrx_word' id='word_1_36' title='bbox 877 1035 973 1094; x_wconf 84' lang='lat' dir='ltr'>factis.</span> <span class='ocrx_word' id='word_1_37' title='bbox 1185 1057 1224 1114; x_wconf 82' lang='lat'>32</span> 
     </span>
    </p>

    <p class='ocr_par' dir='ltr' id='par_1_5' title="bbox 126 1130 1225 1306">
     <span class='ocr_line' id='line_1_7' title="bbox 126 1130 1126 1210; baseline 0.003 -22"><span class='ocrx_word' id='word_1_38' title='bbox 126 1130 267 1210; x_wconf 56' lang='lat' dir='ltr'>&amp;aedem</span> <span class='ocrx_word' id='word_1_39' title='bbox 292 1130 329 1189; x_wconf 92' lang='lat' dir='ltr'>de</span> <span class='ocrx_word' id='word_1_40' title='bbox 353 1131 451 1190; x_wconf 86' lang='lat' dir='ltr'>eadem</span> <span class='ocrx_word' id='word_1_41' title='bbox 477 1131 648 1202; x_wconf 80' lang='lat' dir='ltr'>Qnaestione</span> <span class='ocrx_word' id='word_1_42' title='bbox 671 1130 835 1200; x_wconf 79' lang='lat' dir='ltr'>Tractatus,</span> <span class='ocrx_word' id='word_1_43' title='bbox 860 1131 910 1209; x_wconf 89' lang='lat' dir='ltr'>qui</span> <span class='ocrx_word' id='word_1_44' title='bbox 936 1131 1071 1191; x_wconf 80' lang='lat' dir='ltr'>Infensor</span> <span class='ocrx_word' id='word_1_45' title='bbox 1094 1143 1126 1192; x_wconf 85' lang='lat' dir='ltr'>et</span> 
     </span>
     <span class='ocr_line' id='line_1_8' title="bbox 168 1227 1225 1306; baseline -0.004 -19"><span class='ocrx_word' id='word_1_46' title='bbox 168 1227 314 1287; x_wconf 78' lang='lat' dir='ltr'><strong>Defensor</strong></span> <span class='ocrx_word' id='word_1_47' title='bbox 328 1228 445 1288; x_wconf 87' lang='lat' dir='ltr'>dieitur.</span> <span class='ocrx_word' id='word_1_48' title='bbox 1186 1249 1225 1306; x_wconf 83' lang='lat'>39</span> 
     </span>
    </p>

    <p class='ocr_par' dir='ltr' id='par_1_6' title="bbox 124 1323 1224 1404">
     <span class='ocr_line' id='line_1_9' title="bbox 124 1323 1224 1404; baseline 0.003 -24"><span class='ocrx_word' id='word_1_49' title='bbox 124 1323 276 1382; x_wconf 74' lang='lat' dir='ltr'>Asnaum</span> <span class='ocrx_word' id='word_1_50' title='bbox 291 1324 417 1384; x_wconf 85' lang='lat' dir='ltr'>Abbatis</span> <span class='ocrx_word' id='word_1_51' title='bbox 431 1324 587 1382; x_wconf 86' lang='lat' dir='ltr'>Tractatus</span> <span class='ocrx_word' id='word_1_52' title='bbox 600 1323 637 1382; x_wconf 89' lang='lat' dir='ltr'>de</span> <span class='ocrx_word' id='word_1_53' title='bbox 652 1324 807 1384; x_wconf 86' lang='lat' dir='ltr'>Fraotione</span> <span class='ocrx_word' id='word_1_54' title='bbox 822 1326 958 1404; x_wconf 80' lang='lat' dir='ltr'>Corporis</span> <span class='ocrx_word' id='word_1_55' title='bbox 972 1325 1090 1384; x_wconf 83' lang='lat' dir='ltr'>Christi.</span> <span class='ocrx_word' id='word_1_56' title='bbox 1187 1345 1224 1402; x_wconf 82' lang='lat'>5²</span> 
     </span>
    </p>

    <p class='ocr_par' dir='ltr' id='par_1_7' title="bbox 125 1419 1222 1499">
     <span class='ocr_line' id='line_1_10' title="bbox 125 1419 1222 1499; baseline 0.002 -21"><span class='ocrx_word' id='word_1_57' title='bbox 125 1419 159 1478; x_wconf 90' lang='lat' dir='ltr'>S.</span> <span class='ocrx_word' id='word_1_58' title='bbox 169 1421 359 1480; x_wconf 79' lang='lat' dir='ltr'>Lannsnrn</span> <span class='ocrx_word' id='word_1_59' title='bbox 376 1421 515 1499; x_wconf 87' lang='lat' dir='ltr'>Episoopi</span> <span class='ocrx_word' id='word_1_60' title='bbox 532 1419 663 1480; x_wconf 79' lang='lat' dir='ltr'>Humilia</span> <span class='ocrx_word' id='word_1_61' title='bbox 676 1419 713 1480; x_wconf 92' lang='lat' dir='ltr'>de</span> <span class='ocrx_word' id='word_1_62' title='bbox 727 1420 849 1480; x_wconf 88' lang='lat' dir='ltr'>muliere</span> <span class='ocrx_word' id='word_1_63' title='bbox 862 1422 1033 1480; x_wconf 81' lang='lat' dir='ltr'>Chananaea.</span> <span class='ocrx_word' id='word_1_64' title='bbox 1186 1437 1222 1498; x_wconf 82' lang='lat'>55</span> 
     </span>
    </p>

    <p class='ocr_par' dir='ltr' id='par_1_8' title="bbox 126 1515 1131 1880">
     <span class='ocr_line' id='line_1_11' title="bbox 126 1515 1131 1596; baseline 0.002 -24"><span class='ocrx_word' id='word_1_65' title='bbox 126 1515 280 1575; x_wconf 75' lang='lat' dir='ltr'>Droursn</span> <span class='ocrx_word' id='word_1_66' title='bbox 292 1517 411 1576; x_wconf 84' lang='lat' dir='ltr'>Exrnnr</span> <span class='ocrx_word' id='word_1_67' title='bbox 424 1515 558 1594; x_wconf 79' lang='lat' dir='ltr'>Epistola</span> <span class='ocrx_word' id='word_1_68' title='bbox 571 1515 608 1574; x_wconf 88' lang='lat' dir='ltr'>ad</span> <span class='ocrx_word' id='word_1_69' title='bbox 619 1515 782 1595; x_wconf 88' lang='lat' dir='ltr'>Eugipium</span> <span class='ocrx_word' id='word_1_70' title='bbox 798 1517 1004 1596; x_wconf 74' lang='lat' dir='ltr'>Presbyterum</span> <span class='ocrx_word' id='word_1_71' title='bbox 1022 1517 1052 1574; x_wconf 93' lang='lat' dir='ltr'>in</span> <span class='ocrx_word' id='word_1_72' title='bbox 1067 1537 1131 1576; x_wconf 86' lang='lat' dir='ltr'>ver.</span> 
     </span>
     <span class='ocr_line' id='line_1_12' title="bbox 168 1611 1123 1691; baseline -0.004 -23"><span class='ocrx_word' id='word_1_73' title='bbox 168 1612 278 1670; x_wconf 90' lang='lat' dir='ltr'>sionem</span> <span class='ocrx_word' id='word_1_74' title='bbox 299 1633 317 1670; x_wconf 86' lang='lat' dir='ltr'>a</span> <span class='ocrx_word' id='word_1_75' title='bbox 337 1633 368 1672; x_wconf 86' lang='lat' dir='ltr'>se</span> <span class='ocrx_word' id='word_1_76' title='bbox 389 1613 493 1670; x_wconf 85' lang='lat' dir='ltr'>factam</span> <span class='ocrx_word' id='word_1_77' title='bbox 514 1611 582 1670; x_wconf 92' lang='lat' dir='ltr'>libri</span> <span class='ocrx_word' id='word_1_78' title='bbox 606 1611 638 1670; x_wconf 91' lang='lat' dir='ltr'>S.</span> <span class='ocrx_word' id='word_1_79' title='bbox 655 1611 789 1690; x_wconf 78' lang='lat' dir='ltr'>Gregorii</span> <span class='ocrx_word' id='word_1_80' title='bbox 811 1612 950 1691; x_wconf 88' lang='lat' dir='ltr'>Nysseni,</span> <span class='ocrx_word' id='word_1_81' title='bbox 966 1612 1002 1670; x_wconf 90' lang='lat' dir='ltr'>de</span> <span class='ocrx_word' id='word_1_82' title='bbox 1023 1611 1123 1670; x_wconf 83' lang='lat' dir='ltr'>condi.</span> 
     </span>
     <span class='ocr_line' id='line_1_13' title="bbox 167 1707 1123 1786; baseline -0.001 -20"><span class='ocrx_word' id='word_1_83' title='bbox 167 1707 249 1766; x_wconf 90' lang='lat' dir='ltr'>tione</span> <span class='ocrx_word' id='word_1_84' title='bbox 268 1728 319 1767; x_wconf 90' lang='lat' dir='ltr'>seu</span> <span class='ocrx_word' id='word_1_85' title='bbox 340 1707 456 1786; x_wconf 79' lang='lat' dir='ltr'>opificio</span> <span class='ocrx_word' id='word_1_86' title='bbox 474 1707 617 1766; x_wconf 87' lang='lat' dir='ltr'>hominis:</span> <span class='ocrx_word' id='word_1_87' title='bbox 644 1727 710 1766; x_wconf 85' lang='lat' dir='ltr'>eum</span> <span class='ocrx_word' id='word_1_88' title='bbox 731 1708 817 1767; x_wconf 89' lang='lat' dir='ltr'>initio</span> <span class='ocrx_word' id='word_1_89' title='bbox 830 1709 894 1785; x_wconf 86' lang='lat' dir='ltr'>ejus</span> <span class='ocrx_word' id='word_1_90' title='bbox 908 1708 1057 1778; x_wconf 81' lang='lat' dir='ltr'>versionis,</span> <span class='ocrx_word' id='word_1_91' title='bbox 1073 1727 1123 1767; x_wconf 88' lang='lat' dir='ltr'>sen</span> 
     </span>
     <span class='ocr_line' id='line_1_14' title="bbox 169 1802 883 1880; baseline -0.003 -18"><span class='ocrx_word' id='word_1_92' title='bbox 169 1803 345 1862; x_wconf 73' lang='lat' dir='ltr'>praefatione</span> <span class='ocrx_word' id='word_1_93' title='bbox 360 1803 392 1862; x_wconf 88' lang='lat' dir='ltr'>S.</span> <span class='ocrx_word' id='word_1_94' title='bbox 403 1802 538 1880; x_wconf 82' lang='lat' dir='ltr'>Gregorii</span> <span class='ocrx_word' id='word_1_95' title='bbox 553 1802 589 1862; x_wconf 90' lang='lat' dir='ltr'>nd</span> <span class='ocrx_word' id='word_1_96' title='bbox 605 1803 726 1862; x_wconf 89' lang='lat' dir='ltr'>Petrum</span> <span class='ocrx_word' id='word_1_97' title='bbox 742 1803 883 1862; x_wconf 76' lang='lat' dir='ltr'>Fratrem.</span> 
     </span>
    </p>

    <p class='ocr_par' dir='ltr' id='par_1_9' title="bbox 128 1898 1123 2055">
     <span class='ocr_line' id='line_1_15' title="bbox 128 1898 1123 1978; baseline 0.004 -22"><span class='ocrx_word' id='word_1_98' title='bbox 128 1900 305 1977; x_wconf 79' lang='lat' dir='ltr'>Fragmenta</span> <span class='ocrx_word' id='word_1_99' title='bbox 325 1900 385 1958; x_wconf 91' lang='lat' dir='ltr'>duo</span> <span class='ocrx_word' id='word_1_100' title='bbox 405 1919 442 1958; x_wconf 89' lang='lat' dir='ltr'>ex</span> <span class='ocrx_word' id='word_1_101' title='bbox 458 1899 674 1958; x_wconf 79' lang='lat' dir='ltr'>Commentario</span> <span class='ocrx_word' id='word_1_102' title='bbox 691 1898 857 1958; x_wconf 80' lang='lat' dir='ltr'>Gnsnonrr</span> <span class='ocrx_word' id='word_1_103' title='bbox 872 1899 1015 1978; x_wconf 83' lang='lat' dir='ltr'>¹Episnopi</span> <span class='ocrx_word' id='word_1_104' title='bbox 1029 1900 1123 1960; x_wconf 85' lang='lat' dir='ltr'>Turo-</span> 
     </span>
     <span class='ocr_line' id='line_1_16' title="bbox 168 1995 465 2055; baseline 0 -2"><span class='ocrx_word' id='word_1_105' title='bbox 168 1996 266 2054; x_wconf 82' lang='lat' dir='ltr'>nensis</span> <span class='ocrx_word' id='word_1_106' title='bbox 279 1997 310 2054; x_wconf 93' lang='lat' dir='ltr'>in</span> <span class='ocrx_word' id='word_1_107' title='bbox 325 1995 465 2055; x_wconf 86' lang='lat' dir='ltr'>Psalmos.</span> 
     </span>
    </p>

    <p class='ocr_par' dir='ltr' id='par_1_10' title="bbox 125 2091 1123 2365">
     <span class='ocr_line' id='line_1_17' title="bbox 125 2091 1123 2173; baseline -0.004 -23"><span class='ocrx_word' id='word_1_108' title='bbox 125 2094 261 2150; x_wconf 77' lang='lat' dir='ltr'>Tarorus</span> <span class='ocrx_word' id='word_1_109' title='bbox 271 2093 411 2172; x_wconf 77' lang='lat' dir='ltr'>Epimopi</span> <span class='ocrx_word' id='word_1_110' title='bbox 423 2092 672 2170; x_wconf 69' lang='lat' dir='ltr'>Caesaraugustam</span> <span class='ocrx_word' id='word_1_111' title='bbox 684 2091 823 2150; x_wconf 81' lang='lat' dir='ltr'>Praefatio</span> <span class='ocrx_word' id='word_1_112' title='bbox 836 2091 873 2150; x_wconf 86' lang='lat' dir='ltr'>ad</span> <span class='ocrx_word' id='word_1_113' title='bbox 883 2091 1037 2161; x_wconf 82' lang='lat' dir='ltr'>Quirinum</span> <span class='ocrx_word' id='word_1_114' title='bbox 1049 2092 1123 2173; x_wconf 89' lang='lat' dir='ltr'>Epi.</span> 
     </span>
     <span class='ocr_line' id='line_1_18' title="bbox 167 2187 1123 2267; baseline 0.001 -19"><span class='ocrx_word' id='word_1_115' title='bbox 167 2208 286 2267; x_wconf 86' lang='lat' dir='ltr'>soopnm</span> <span class='ocrx_word' id='word_1_116' title='bbox 310 2189 564 2256; x_wconf 73' lang='lat' dir='ltr'>Barcinonensem</span> <span class='ocrx_word' id='word_1_117' title='bbox 593 2187 624 2246; x_wconf 90' lang='lat' dir='ltr'>in</span> <span class='ocrx_word' id='word_1_118' title='bbox 644 2187 684 2246; x_wconf 90' lang='lat' dir='ltr'>V.</span> <span class='ocrx_word' id='word_1_119' title='bbox 707 2187 796 2246; x_wconf 88' lang='lat' dir='ltr'>libros</span> <span class='ocrx_word' id='word_1_120' title='bbox 818 2187 1029 2246; x_wconf 86' lang='lat' dir='ltr'>sententiarum</span> <span class='ocrx_word' id='word_1_121' title='bbox 1051 2209 1069 2246; x_wconf 85' lang='lat' dir='ltr'>a</span> <span class='ocrx_word' id='word_1_122' title='bbox 1091 2209 1123 2249; x_wconf 86' lang='lat' dir='ltr'>se</span> 
     </span>
     <span class='ocr_line' id='line_1_19' title="bbox 167 2285 803 2365; baseline -0.005 -21"><span class='ocrx_word' id='word_1_123' title='bbox 167 2285 305 2344; x_wconf 84' lang='lat' dir='ltr'>oolleotos</span> <span class='ocrx_word' id='word_1_124' title='bbox 318 2305 355 2344; x_wconf 85' lang='lat' dir='ltr'>ex</span> <span class='ocrx_word' id='word_1_125' title='bbox 369 2286 506 2365; x_wconf 86' lang='lat' dir='ltr'>operibns</span> <span class='ocrx_word' id='word_1_126' title='bbox 520 2287 548 2343; x_wconf 88' lang='lat' dir='ltr'>S.</span> <span class='ocrx_word' id='word_1_127' title='bbox 557 2285 691 2362; x_wconf 78' lang='lat' dir='ltr'>Gregorii</span> <span class='ocrx_word' id='word_1_128' title='bbox 707 2285 803 2362; x_wconf 78' lang='lat' dir='ltr'>Papoe.</span> 
     </span>
    </p>

    <p class='ocr_par' dir='ltr' id='par_1_11' title="bbox 126 2381 657 2460">
     <span class='ocr_line' id='line_1_20' title="bbox 126 2381 657 2460; baseline -0.004 -20"><span class='ocrx_word' id='word_1_129' title='bbox 126 2382 261 2452; x_wconf 81' lang='lat' dir='ltr'>Qurnror</span> <span class='ocrx_word' id='word_1_130' title='bbox 277 2381 442 2460; x_wconf 86' lang='lat' dir='ltr'>Responsio</span> <span class='ocrx_word' id='word_1_131' title='bbox 454 2381 492 2439; x_wconf 86' lang='lat' dir='ltr'>ad</span> <span class='ocrx_word' id='word_1_132' title='bbox 506 2381 657 2439; x_wconf 83' lang='lat' dir='ltr'>Taionem.</span> 
     </span>
    </p>

    <p class='ocr_par' dir='ltr' id='par_1_12' title="bbox 127 2474 1120 2632">
     <span class='ocr_line' id='line_1_21' title="bbox 127 2474 1120 2553; baseline 0.005 -20"><span class='ocrx_word' id='word_1_133' title='bbox 127 2476 282 2534; x_wconf 78' lang='lat' dir='ltr'>Pranrnrr</span> <span class='ocrx_word' id='word_1_134' title='bbox 305 2476 430 2536; x_wconf 87' lang='lat' dir='ltr'>Abbatis</span> <span class='ocrx_word' id='word_1_135' title='bbox 453 2475 569 2535; x_wconf 90' lang='lat' dir='ltr'>libellus</span> <span class='ocrx_word' id='word_1_136' title='bbox 592 2474 629 2534; x_wconf 91' lang='lat' dir='ltr'>de</span> <span class='ocrx_word' id='word_1_137' title='bbox 652 2474 775 2553; x_wconf 79' lang='lat' dir='ltr'>singulis</span> <span class='ocrx_word' id='word_1_138' title='bbox 799 2475 880 2536; x_wconf 86' lang='lat' dir='ltr'>libris</span> <span class='ocrx_word' id='word_1_139' title='bbox 902 2477 1064 2547; x_wconf 74' lang='lat' dir='ltr'>Camnieis,</span> <span class='ocrx_word' id='word_1_140' title='bbox 1090 2479 1120 2538; x_wconf 93' lang='lat' dir='ltr'>in</span> 
     </span>
     <span class='ocr_line' id='line_1_22' title="bbox 166 2572 471 2632; baseline 0.007 -2"><span class='ocrx_word' id='word_1_141' title='bbox 166 2572 286 2632; x_wconf 88' lang='lat' dir='ltr'>modum</span> <span class='ocrx_word' id='word_1_142' title='bbox 302 2573 471 2632; x_wconf 75' lang='lat' dir='ltr'>Paroenesis.</span> 
     </span>
    </p>

    <p class='ocr_par' dir='ltr' id='par_1_13' title="bbox 126 2667 1121 2826">
     <span class='ocr_line' id='line_1_23' title="bbox 126 2667 1121 2747; baseline 0.005 -23"><span class='ocrx_word' id='word_1_143' title='bbox 126 2667 247 2727; x_wconf 78' lang='lat' dir='ltr'>Canonr</span> <span class='ocrx_word' id='word_1_144' title='bbox 267 2668 379 2728; x_wconf 78' lang='lat' dir='ltr'>Maeni</span> <span class='ocrx_word' id='word_1_145' title='bbox 402 2668 492 2747; x_wconf 86' lang='lat' dir='ltr'>Regis</span> <span class='ocrx_word' id='word_1_146' title='bbox 514 2667 690 2726; x_wconf 83' lang='lat' dir='ltr'>Franoorum</span> <span class='ocrx_word' id='word_1_147' title='bbox 713 2677 743 2726; x_wconf 89' lang='lat' dir='ltr'>et</span> <span class='ocrx_word' id='word_1_148' title='bbox 764 2667 1021 2746; x_wconf 82' lang='lat' dir='ltr'>Longobsrdorum</span> <span class='ocrx_word' id='word_1_149' title='bbox 1043 2669 1121 2729; x_wconf 75' lang='lat' dir='ltr'>Prn-</span> 
     </span>
     <span class='ocr_line' id='line_1_24' title="bbox 167 2763 1086 2826; baseline 0.002 -4"><span class='ocrx_word' id='word_1_150' title='bbox 167 2764 241 2822; x_wconf 82' lang='lat' dir='ltr'>istio</span> <span class='ocrx_word' id='word_1_151' title='bbox 254 2763 284 2822; x_wconf 90' lang='lat' dir='ltr'>in</span> <span class='ocrx_word' id='word_1_152' title='bbox 300 2764 506 2822; x_wconf 88' lang='lat' dir='ltr'>Homilinrium</span> <span class='ocrx_word' id='word_1_153' title='bbox 520 2763 604 2822; x_wconf 87' lang='lat' dir='ltr'>Pauli</span> <span class='ocrx_word' id='word_1_154' title='bbox 619 2763 742 2822; x_wconf 87' lang='lat' dir='ltr'>Diaooni</span> <span class='ocrx_word' id='word_1_155' title='bbox 758 2763 898 2822; x_wconf 87' lang='lat' dir='ltr'>Monaohi</span> <span class='ocrx_word' id='word_1_156' title='bbox 912 2764 1086 2826; x_wconf 71' lang='lat' dir='ltr'>Catinensis.</span> 
     </span>
    </p>

    <p class='ocr_par' dir='ltr' id='par_1_14' title="bbox 126 2859 924 2939">
     <span class='ocr_line' id='line_1_25' title="bbox 126 2859 924 2939; baseline -0.003 -21"><span class='ocrx_word' id='word_1_157' title='bbox 126 2861 267 2939; x_wconf 77' lang='lat' dir='ltr'>Ejusdem</span> <span class='ocrx_word' id='word_1_158' title='bbox 281 2859 416 2938; x_wconf 85' lang='lat' dir='ltr'>Epistola</span> <span class='ocrx_word' id='word_1_159' title='bbox 429 2860 466 2920; x_wconf 90' lang='lat' dir='ltr'>de</span> <span class='ocrx_word' id='word_1_160' title='bbox 480 2860 583 2918; x_wconf 82' lang='lat' dir='ltr'>Gratia</span> <span class='ocrx_word' id='word_1_161' title='bbox 595 2859 772 2938; x_wconf 87' lang='lat' dir='ltr'>septiformis</span> <span class='ocrx_word' id='word_1_162' title='bbox 787 2859 924 2938; x_wconf 87' lang='lat' dir='ltr'>Spiritus.</span> 
     </span>
    </p>

    <p class='ocr_par' dir='ltr' id='par_1_15' title="bbox 126 2954 1119 3128">
     <span class='ocr_line' id='line_1_26' title="bbox 126 2954 1119 3035; baseline 0.003 -21"><span class='ocrx_word' id='word_1_163' title='bbox 126 2957 268 3035; x_wconf 77' lang='lat' dir='ltr'>Ejusdem</span> <span class='ocrx_word' id='word_1_164' title='bbox 288 2955 423 3035; x_wconf 84' lang='lat' dir='ltr'>Epistola</span> <span class='ocrx_word' id='word_1_165' title='bbox 443 2955 480 3014; x_wconf 87' lang='lat' dir='ltr'>ad</span> <span class='ocrx_word' id='word_1_166' title='bbox 498 2954 683 3014; x_wconf 89' lang='lat' dir='ltr'>Odilbertum</span> <span class='ocrx_word' id='word_1_167' title='bbox 698 2954 958 3034; x_wconf 84' lang='lat' dir='ltr'>Archiepiscopum</span> <span class='ocrx_word' id='word_1_168' title='bbox 974 2956 1119 3018; x_wconf 84' lang='lat' dir='ltr'>Mediola-</span> 
     </span>
     <span class='ocr_line' id='line_1_27' title="bbox 166 3049 525 3128; baseline 0 -22"><span class='ocrx_word' id='word_1_169' title='bbox 166 3069 296 3116; x_wconf 89' lang='lat' dir='ltr'>nensem,</span> <span class='ocrx_word' id='word_1_170' title='bbox 311 3049 348 3109; x_wconf 89' lang='lat' dir='ltr'>de</span> <span class='ocrx_word' id='word_1_171' title='bbox 362 3049 525 3128; x_wconf 86' lang='lat' dir='ltr'>Baptismo.</span> 
     </span>
    </p>

    <p class='ocr_par' dir='ltr' id='par_1_16' title="bbox 125 3145 859 3225">
     <span class='ocr_line' id='line_1_28' title="bbox 125 3145 859 3225; baseline 0 -21"><span class='ocrx_word' id='word_1_172' title='bbox 125 3147 313 3204; x_wconf 81' lang='lat' dir='ltr'>Onrusnnnr</span> <span class='ocrx_word' id='word_1_173' title='bbox 330 3145 492 3224; x_wconf 84' lang='lat' dir='ltr'>Responsio</span> <span class='ocrx_word' id='word_1_174' title='bbox 506 3145 544 3204; x_wconf 88' lang='lat' dir='ltr'>ad</span> <span class='ocrx_word' id='word_1_175' title='bbox 557 3145 693 3204; x_wconf 87' lang='lat' dir='ltr'>Carolum</span> <span class='ocrx_word' id='word_1_176' title='bbox 708 3147 859 3225; x_wconf 88' lang='lat' dir='ltr'>Magnum.</span> 
     </span>
    </p>

    <p class='ocr_par' dir='ltr' id='par_1_17' title="bbox 124 3240 1121 3416">
     <span class='ocr_line' id='line_1_29' title="bbox 124 3240 1121 3325; baseline 0.005 -27"><span class='ocrx_word' id='word_1_177' title='bbox 124 3241 289 3300; x_wconf 78' lang='lat' dir='ltr'>Lnrnnanr</span> <span class='ocrx_word' id='word_1_178' title='bbox 311 3241 450 3321; x_wconf 89' lang='lat' dir='ltr'>Episoopi</span> <span class='ocrx_word' id='word_1_179' title='bbox 472 3241 678 3318; x_wconf 85' lang='lat' dir='ltr'>Lugdunensis</span> <span class='ocrx_word' id='word_1_180' title='bbox 698 3240 772 3300; x_wconf 84' lang='lat' dir='ltr'>liber</span> <span class='ocrx_word' id='word_1_181' title='bbox 792 3242 829 3301; x_wconf 92' lang='lat' dir='ltr'>de</span> <span class='ocrx_word' id='word_1_182' title='bbox 843 3242 1030 3302; x_wconf 82' lang='lat' dir='ltr'>Sacramenta</span> <span class='ocrx_word' id='word_1_183' title='bbox 1044 3244 1121 3325; x_wconf 87' lang='lat' dir='ltr'>Bap-</span> 
     </span>
     <span class='ocr_line' id='line_1_30' title="bbox 165 3336 629 3416; baseline 0.004 -22"><span class='ocrx_word' id='word_1_184' title='bbox 165 3336 258 3403; x_wconf 88' lang='lat' dir='ltr'>tismi,</span> <span class='ocrx_word' id='word_1_185' title='bbox 273 3337 311 3395; x_wconf 89' lang='lat' dir='ltr'>ad</span> <span class='ocrx_word' id='word_1_186' title='bbox 324 3336 461 3396; x_wconf 88' lang='lat' dir='ltr'>Carolum</span> <span class='ocrx_word' id='word_1_187' title='bbox 476 3337 629 3416; x_wconf 88' lang='lat' dir='ltr'>Magnum.</span> 
     </span>
    </p>

    <p class='ocr_par' dir='ltr' id='par_1_18' title="bbox 125 3432 1135 3684">
     <span class='ocr_line' id='line_1_31' title="bbox 125 3432 1121 3512; baseline 0.007 -23"><span class='ocrx_word' id='word_1_188' title='bbox 125 3432 263 3490; x_wconf 75' lang='lat' dir='ltr'>Cnnunu</span> <span class='ocrx_word' id='word_1_189' title='bbox 287 3432 426 3512; x_wconf 88' lang='lat' dir='ltr'>Episoopi</span> <span class='ocrx_word' id='word_1_190' title='bbox 447 3433 636 3492; x_wconf 85' lang='lat' dir='ltr'>Taurinensis</span> <span class='ocrx_word' id='word_1_191' title='bbox 658 3433 796 3492; x_wconf 68' lang='lat' dir='ltr'>Praefatio</span> <span class='ocrx_word' id='word_1_192' title='bbox 818 3435 849 3494; x_wconf 93' lang='lat' dir='ltr'>in</span> <span class='ocrx_word' id='word_1_193' title='bbox 873 3435 963 3496; x_wconf 85' lang='lat' dir='ltr'>libros</span> <span class='ocrx_word' id='word_1_194' title='bbox 985 3438 1121 3496; x_wconf 85' lang='lat' dir='ltr'>informa-</span> 
     </span>
     <span class='ocr_line' id='line_1_32' title="bbox 165 3527 1135 3608; baseline 0.007 -22"><span class='ocrx_word' id='word_1_195' title='bbox 165 3528 282 3587; x_wconf 91' lang='lat' dir='ltr'>tionum</span> <span class='ocrx_word' id='word_1_196' title='bbox 301 3528 393 3586; x_wconf 78' lang='lat' dir='ltr'>literae</span> <span class='ocrx_word' id='word_1_197' title='bbox 413 3538 443 3588; x_wconf 91' lang='lat' dir='ltr'>et</span> <span class='ocrx_word' id='word_1_198' title='bbox 464 3527 584 3607; x_wconf 89' lang='lat' dir='ltr'>spiritus</span> <span class='ocrx_word' id='word_1_199' title='bbox 605 3549 693 3608; x_wconf 89' lang='lat' dir='ltr'>super</span> <span class='ocrx_word' id='word_1_200' title='bbox 706 3530 883 3602; x_wconf 85' lang='lat' dir='ltr'>Levitieum,</span> <span class='ocrx_word' id='word_1_201' title='bbox 897 3533 934 3591; x_wconf 91' lang='lat' dir='ltr'>ad</span> <span class='ocrx_word' id='word_1_202' title='bbox 949 3532 1135 3593; x_wconf 58' lang='lat' dir='ltr'>Theodemi·</span> 
     </span>
     <span class='ocr_line' id='line_1_33' title="bbox 165 3625 404 3684; baseline 0 -2"><span class='ocrx_word' id='word_1_203' title='bbox 165 3645 232 3682; x_wconf 88' lang='lat' dir='ltr'>rum</span> <span class='ocrx_word' id='word_1_204' title='bbox 248 3625 404 3684; x_wconf 81' lang='lat' dir='ltr'>Abbatem.</span> 
     </span>
    </p>

    <p class='ocr_par' dir='ltr' id='par_1_19' title="bbox 125 3720 1121 3896">
     <span class='ocr_line' id='line_1_34' title="bbox 125 3720 1121 3805; baseline 0.008 -27"><span class='ocrx_word' id='word_1_205' title='bbox 125 3721 268 3800; x_wconf 78' lang='lat' dir='ltr'>Ejusdem</span> <span class='ocrx_word' id='word_1_206' title='bbox 291 3720 428 3780; x_wconf 76' lang='lat' dir='ltr'>Prnfatio</span> <span class='ocrx_word' id='word_1_207' title='bbox 451 3721 641 3800; x_wconf 84' lang='lat' dir='ltr'>expositionis</span> <span class='ocrx_word' id='word_1_208' title='bbox 665 3723 697 3781; x_wconf 91' lang='lat' dir='ltr'>in</span> <span class='ocrx_word' id='word_1_209' title='bbox 720 3722 882 3802; x_wconf 88' lang='lat' dir='ltr'>Epistolam</span> <span class='ocrx_word' id='word_1_210' title='bbox 907 3723 944 3783; x_wconf 83' lang='lat' dir='ltr'>ad</span> <span class='ocrx_word' id='word_1_211' title='bbox 969 3724 1121 3805; x_wconf 84' lang='lat' dir='ltr'>Ephesios,</span> 
     </span>
     <span class='ocr_line' id='line_1_35' title="bbox 166 3816 738 3896; baseline 0.005 -22"><span class='ocrx_word' id='word_1_212' title='bbox 166 3817 206 3874; x_wconf 82' lang='lat' dir='ltr'>ad</span> <span class='ocrx_word' id='word_1_213' title='bbox 219 3816 402 3876; x_wconf 85' lang='lat' dir='ltr'>Ludovicum</span> <span class='ocrx_word' id='word_1_214' title='bbox 418 3817 505 3876; x_wconf 89' lang='lat' dir='ltr'>Pium</span> <span class='ocrx_word' id='word_1_215' title='bbox 519 3817 738 3896; x_wconf 79' lang='lat' dir='ltr'>Imperatorem.</span> 
     </span>
    </p>

    <p class='ocr_par' dir='ltr' id='par_1_20' title="bbox 124 3911 1221 4285">
     <span class='ocr_line' id='line_1_36' title="bbox 124 3911 1124 3991; baseline 0.009 -21"><span class='ocrx_word' id='word_1_216' title='bbox 124 3911 372 3991; x_wconf 87' lang='lat' dir='ltr'>Supplementum</span> <span class='ocrx_word' id='word_1_217' title='bbox 388 3912 426 3972; x_wconf 89' lang='lat' dir='ltr'>ad</span> <span class='ocrx_word' id='word_1_218' title='bbox 439 3911 545 3976; x_wconf 84' lang='lat' dir='ltr'>librum</span> <span class='ocrx_word' id='word_1_219' title='bbox 561 3913 615 3972; x_wconf 90' lang='lat' dir='ltr'>IV.</span> <span class='ocrx_word' id='word_1_220' title='bbox 630 3913 800 3974; x_wconf 64' lang='lat' dir='ltr'>assessu</span> <span class='ocrx_word' id='word_1_221' title='bbox 822 3915 859 3974; x_wconf 92' lang='lat' dir='ltr'>de</span> <span class='ocrx_word' id='word_1_222' title='bbox 873 3914 985 3976; x_wconf 78' lang='lat' dir='ltr'>Officiis</span> <span class='ocrx_word' id='word_1_223' title='bbox 1005 3917 1124 3987; x_wconf 73' lang='lat' dir='ltr'>divinis,</span> 
     </span>
     <span class='ocr_line' id='line_1_37' title="bbox 166 4007 1130 4087; baseline 0.011 -22"><span class='ocrx_word' id='word_1_224' title='bbox 166 4007 229 4067; x_wconf 82' lang='lat' dir='ltr'>sire</span> <span class='ocrx_word' id='word_1_225' title='bbox 246 4007 310 4083; x_wconf 91' lang='lat' dir='ltr'>ejus</span> <span class='ocrx_word' id='word_1_226' title='bbox 323 4007 389 4066; x_wconf 89' lang='lat' dir='ltr'>libri</span> <span class='ocrx_word' id='word_1_227' title='bbox 410 4017 498 4086; x_wconf 86' lang='lat' dir='ltr'>eaput</span> <span class='ocrx_word' id='word_1_228' title='bbox 519 4009 666 4066; x_wconf 85' lang='lat' dir='ltr'>XLVIII.</span> <span class='ocrx_word' id='word_1_229' title='bbox 689 4007 726 4068; x_wconf 94' lang='lat' dir='ltr'>de</span> <span class='ocrx_word' id='word_1_230' title='bbox 747 4011 881 4087; x_wconf 90' lang='lat' dir='ltr'>eoquod</span> <span class='ocrx_word' id='word_1_231' title='bbox 902 4011 933 4069; x_wconf 87' lang='lat' dir='ltr'>S.</span> <span class='ocrx_word' id='word_1_232' title='bbox 947 4013 1130 4078; x_wconf 80' lang='lat' dir='ltr'>Benedictus.</span> 
     </span>
     <span class='ocr_line' id='line_1_38' title="bbox 166 4102 1123 4183; baseline 0.013 -23"><span class='ocrx_word' id='word_1_233' title='bbox 166 4102 309 4162; x_wconf 85' lang='lat' dir='ltr'>nonnulla</span> <span class='ocrx_word' id='word_1_234' title='bbox 329 4103 360 4160; x_wconf 90' lang='lat' dir='ltr'>in</span> <span class='ocrx_word' id='word_1_235' title='bbox 375 4103 479 4164; x_wconf 88' lang='lat' dir='ltr'>Officio</span> <span class='ocrx_word' id='word_1_236' title='bbox 492 4103 592 4162; x_wconf 87' lang='lat' dir='ltr'>divino</span> <span class='ocrx_word' id='word_1_237' title='bbox 612 4103 696 4164; x_wconf 92' lang='lat' dir='ltr'>aliter</span> <span class='ocrx_word' id='word_1_238' title='bbox 714 4105 875 4172; x_wconf 84' lang='lat' dir='ltr'>constituit.</span> <span class='ocrx_word' id='word_1_239' title='bbox 890 4125 976 4183; x_wconf 89' lang='lat' dir='ltr'>quam</span> <span class='ocrx_word' id='word_1_240' title='bbox 997 4109 1123 4174; x_wconf 84' lang='lat' dir='ltr'>solerent</span> 
     </span>
     <span class='ocr_line' id='line_1_39' title="bbox 165 4198 1221 4285; baseline 0.003 -29"><span class='ocrx_word' id='word_1_241' title='bbox 165 4221 184 4256; x_wconf 84' lang='lat' dir='ltr'>a</span> <span class='ocrx_word' id='word_1_242' title='bbox 196 4198 319 4258; x_wconf 79' lang='lat' dir='ltr'>clericis</span> <span class='ocrx_word' id='word_1_243' title='bbox 333 4199 405 4258; x_wconf 87' lang='lat' dir='ltr'>fieri.</span> <span class='ocrx_word' id='word_1_244' title='bbox 1184 4229 1221 4285; x_wconf 86' lang='lat'>93</span> 
     </span>
    </p>

    <p class='ocr_par' dir='ltr' id='par_1_21' title="bbox 124 4293 1224 4458">
     <span class='ocr_line' id='line_1_40' title="bbox 124 4293 1123 4376; baseline 0.008 -24"><span class='ocrx_word' id='word_1_245' title='bbox 124 4295 276 4352; x_wconf 76' lang='lat' dir='ltr'>Vunrnnr</span> <span class='ocrx_word' id='word_1_246' title='bbox 297 4293 517 4374; x_wconf 83' lang='lat' dir='ltr'>Arcbiepisoopi</span> <span class='ocrx_word' id='word_1_247' title='bbox 540 4295 731 4356; x_wconf 86' lang='lat' dir='ltr'>Biturieensis</span> <span class='ocrx_word' id='word_1_248' title='bbox 753 4297 887 4376; x_wconf 86' lang='lat' dir='ltr'>Epistola</span> <span class='ocrx_word' id='word_1_249' title='bbox 909 4299 1065 4360; x_wconf 80' lang='lat' dir='ltr'>Pastoralis</span> <span class='ocrx_word' id='word_1_250' title='bbox 1086 4301 1123 4360; x_wconf 88' lang='lat' dir='ltr'>ad</span> 
     </span>
     <span class='ocr_line' id='line_1_41' title="bbox 167 4390 1224 4458; baseline 0.01 -11"><span class='ocrx_word' id='word_1_251' title='bbox 167 4390 315 4450; x_wconf 87' lang='lat' dir='ltr'>Paroebos</span> <span class='ocrx_word' id='word_1_252' title='bbox 329 4401 358 4450; x_wconf 90' lang='lat' dir='ltr'>et</span> <span class='ocrx_word' id='word_1_253' title='bbox 374 4391 568 4451; x_wconf 84' lang='lat' dir='ltr'>Paroehianos</span> <span class='ocrx_word' id='word_1_254' title='bbox 582 4411 658 4452; x_wconf 89' lang='lat' dir='ltr'>suos.</span> <span class='ocrx_word' id='word_1_255' title='bbox 1168 4419 1224 4458; x_wconf 87' lang='lat' dir='ltr'>roo</span> 
     </span>
    </p>

    <p class='ocr_par' dir='ltr' id='par_1_22' title="bbox 674 4507 695 4548">
     <span class='ocr_line' id='line_1_42' title="bbox 674 4507 695 4548; baseline 0 0"><span class='ocrx_word' id='word_1_256' title='bbox 674 4507 695 4548; x_wconf 85' lang='lat' dir='ltr'>e</span> 
     </span>
    </p>
   </div>
   <div class='ocr_carea' id='block_1_3' title="bbox 0 0 1586 5104">
    <p class='ocr_par' dir='ltr' id='par_1_23' title="bbox 0 0 1586 5104">
     <span class='ocr_line' id='line_1_43' title="bbox 0 0 1586 5104; baseline 0 0"><span class='ocrx_word' id='word_1_257' title='bbox 0 0 1586 5104; x_wconf 95' lang='lat' dir='ltr'> </span> 
     </span>
    </p>
   </div>
  </div>
 </body>
</html>
