3172 5108
462 381 591 447 Bolmii
606 391 635 447 at
648 381 759 447 Moesi
773 381 980 447 Mimallones.
1202 379 1267 448 167

155 637 326 698 Concilium
340 637 512 696 anonense
525 631 584 696 sub
594 635 765 696 Alexandro
780 636 860 715 Papa
876 635 935 694 111.

155 735 270 793 Charta
285 733 408 793 Consilii
420 734 608 802 Turonensis,
619 753 685 812 quae
698 733 785 792 missa
795 733 854 791 fuit
868 733 1015 812 Episcopo
1026 730 1158 810 Magalo-

61 893 71 904 ,
200 831 295 898 nansi,
311 841 340 890 et
354 830 464 890 Abbati
479 831 674 890 Cluniacensi.

156 927 343 986 Testimonia
364 927 401 987 de
426 927 613 1007 Indulgentia
634 947 768 986 concessa
788 925 927 986 Ecclesia
948 925 980 984 S.
996 925 1100 984 Mariae
1121 925 1157 984 de

202 1023 403 1083 Portinnculs.
1202 1040 1256 1098 ¹²3

155 1121 232 1180 Alia
245 1121 425 1179 Testimonia
439 1121 475 1180 de
488 1121 589 1181 eadem
604 1119 801 1199 Indulgentia.
1188 1118 1257 1177 ibid.

157 1217 302 1277 Narratio
315 1217 352 1276 de
365 1219 459 1277 forma
472 1229 503 1277 et
517 1218 603 1277 modo
623 1216 773 1278 electionis
785 1217 870 1276 factae
884 1216 920 1276 de
933 1217 1011 1296 Papa
1026 1216 1156 1276 blartino

201 1317 237 1373 V.
252 1316 283 1373 in
298 1314 429 1374 Concilio
443 1315 668 1374 constantiensi.

158 1410 297 1492 Epistola
322 1411 549 1470 Bannnssanrs
574 1412 668 1470 Con
691 1411 728 1470 ad
751 1411 873 1471 Petrum
897 1411 934 1470 de
955 1412 1040 1469 Luna
1059 1410 1155 1469 Bene-

202 1509 314 1568 dictum
328 1509 421 1567 Xlll.

156 1605 254 1664 Gesta
267 1605 303 1664 de
316 1605 502 1664 restitutione
516 1605 712 1686 Episcopatus
724 1605 936 1665 Atrebatensis.

157 1701 303 1781 Epistola
316 1703 491 1760 Lemannus
506 1702 645 1782 Episcopi
660 1701 872 1763 Atrebatensis.

158 1798 319 1876 Privilegia
331 1819 465 1858 concessa
478 1800 628 1858 abeodem
643 1800 809 1858 Lamberto.

158 1895 250 1954 Varia
264 1895 300 1954 de
312 1896 399 1954 rebus
413 1894 663 1954 Atrebatensibus.

159 1991 305 2071 Epistola
319 2003 429 2072 septem
446 1991 477 2050 S.
491 1991 646 2050 Ansnnnr
661 1991 881 2072 Archiepiscopi
896 1992 1123 2053 cantuariensis.
1201 2009 1257 2069 172

158 2088 327 2149 Avnsoonr
355 2089 496 2148 Monachi
523 2087 749 2148 Cenomanensis
784 2089 920 2168 Epistola
956 2089 993 2148 ad
1032 2091 1063 2148 S.
1092 2089 1157 2149 An.

203 2186 334 2246 selmum.
1204 2203 1260 2264 174

160 2283 299 2361 Epistola
312 2283 332 2342 J
334 2302 447 2342 oannis
460 2283 496 2342 ad
511 2282 694 2342 Anselmum.
1188 2285 1259 2344 ibid.

161 2379 294 2437 Unnssr
317 2379 409 2438 Para
431 2381 475 2440 11.
491 2377 626 2460 Epistola
646 2379 683 2438 de
704 2378 846 2438 electione
866 2398 919 2438 sna
940 2379 977 2436 ad
1000 2379 1158 2457 Hngonem

202 2476 349 2534 Abbatem
365 2475 596 2535 cluniacensem.
1189 2478 1259 2537 ibid.

160 2570 352 2651 Privilegium
368 2573 478 2631 Domni
493 2573 652 2632 Rsrsonnr
667 2571 826 2630 Remorum
840 2569 1071 2652 Archiepiscopi.
1187 2575 1258 2634 ibid.

160 2667 291 2728 Urasnr
307 2670 400 2728 Para
413 2672 454 2728 ll.
470 2669 606 2749 Epistola
626 2668 663 2728 de
679 2667 898 2727 confirmatione
908 2668 1068 2728 electionis
1090 2671 1158 2730 Ma-

202 2767 294 2825 nassis
308 2767 447 2846 Episcopi
463 2765 684 2825 Cameracensis.
1204 2785 1259 2846 175

161 2861 301 2941 Ejusdem
314 2863 445 2921 Usum
458 2863 553 2921 Paris
564 2861 653 2920 Bulla
664 2861 700 2920 de
709 2861 926 2921 confirmatione
940 2861 1157 2942 privilegiorum

202 2959 375 3018 Monasterii
389 2957 618 3017 Celsiniacensis.
1190 2960 1259 3020 ibid.

161 3055 299 3134 Ejusdem
314 3054 449 3135 Epistola
463 3054 499 3113 ad
514 3055 689 3113 Durannnm
703 3055 882 3135 Episcopum
894 3055 1093 3116 Arvernorum
1107 3057 1158 3116 ad-

203 3171 304 3210 versus
319 3151 481 3210 Canonicos
496 3151 690 3211 Bilionenses.
1195 3158 1258 3232 176

162 3247 303 3326 Ejusdem
328 3245 423 3305 Bulla
447 3246 512 3305 duae
536 3247 573 3305 de
595 3247 812 3307 confirmatione
833 3247 983 3309 electionis
1006 3251 1158 3310 Genewini

204 3343 345 3423 Episcopi
358 3341 572 3402 Ambianensis.
1189 3349 1259 3408 ibid.

163 3439 304 3520 Ejusdem
316 3437 403 3496 Bulla
416 3459 470 3518 pro
479 3439 661 3499 Monasterio
682 3439 714 3499 S.
724 3440 834 3519 AEgidii
846 3441 878 3498 in
888 3441 1077 3522 Septimania,
1089 3465 1159 3505 con·

204 3536 317 3594 firmata
331 3535 361 3593 in
376 3534 508 3593 Concilio
523 3534 705 3596 Placentino.
1204 3557 1258 3617 177

161 3633 284 3692 Litteras
299 3632 476 3690 Hannonis
490 3631 630 3711 Episcopi
644 3633 877 3702 Matisconensis,
892 3635 921 3693 in
943 3637 1049 3713 quibus
1064 3639 1158 3696 conti.

202 3740 311 3788 nentur
334 3727 465 3805 quaedam
489 3727 630 3808 Epistola
652 3729 780 3788 Uaaaur
797 3731 839 3788 ll.
862 3733 961 3800 Pars,
987 3743 1017 3791 et
1037 3733 1159 3794 oliorum

204 3826 381 3883 Summarum
393 3825 565 3902 Poatficum
579 3824 615 3883 de
629 3826 809 3885 Monasterio
824 3830 853 3885 S.
863 3827 1002 3887 Germani
1013 3827 1160 3889 Autissio-

202 3921 343 3980 dorensis.
1191 3929 1261 3988 ibid.

164 4017 303 4096 Ejusdem
319 4017 449 4076 Unnssr
466 4018 559 4077 ΡΜ
573 4019 617 4078 11.
633 4018 721 4078 Bulla
748 4039 802 4100 pro
825 4021 1006 4081 Monssterio
1030 4023 1061 4084 S.
1078 4023 1159 4082 lilar-

204 4113 283 4173 tialis
297 4114 523 4174 lemovicensis.
1205 4125 1262 4197 178

160 4211 303 4290 Ejusdem
314 4209 402 4268 Bulla
412 4210 637 4271 confirmationis
648 4212 865 4292 privilegiorum
877 4215 1048 4275 Monasterii
1062 4217 1161 4295 Moys-

203 4305 350 4366 siacensis.
1209 4331 1263 4392 179

165 4403 303 4481 Ejusdem
320 4400 414 4461 Bulla
429 4401 494 4461 duas
508 4423 562 4483 pro
575 4405 756 4464 Monasterio
771 4405 802 4463 S.
819 4405 970 4464 Saturnini
986 4405 1108 4464 Tolosae.
1193 4409 1263 4473 ibid.

734 4521 793 4575 ⁵¹4
