3164 5104
374 413 516 502 Baracye
541 413 712 482 rumam
731 417 1004 482 Moamuootomm.
1179 419 1243 487 101

133 681 187 742 De
202 682 302 742 Gestis
316 681 415 741 Caroli
436 683 483 743 Μ.
504 681 588 742 Libri
608 681 668 742 duo
692 681 793 762 scripti
818 703 835 742 a
856 683 976 764 quodam
997 682 1142 743 Moncclso

180 779 215 839 S.
231 779 412 848 (tollimur
428 781 496 854 884.
1203 795 1241 857 53

132 875 384 955 Martyrologum
399 875 554 934 Norunnr
569 883 761 954 cognomento
776 875 937 947 Burrum,
952 895 1028 936 anno
1044 877 1112 953 894.
1204 877 1241 954 85

135 970 362 1052 Epigrammata
375 991 427 1032 seu
438 971 552 1052 Hymni
566 971 640 1032 oncri
653 970 813 1031 illustrium
827 971 956 1032 virorum
967 973 1142 1033 Monesterii

181 1067 215 1128 S.
227 1067 316 1135 Galli,
332 1089 409 1128 anuo
424 1069 494 1147 894.
1184 1071 1238 1148 185

136 1163 278 1224 Carmina
306 1165 488 1225 Sanouorue
516 1165 656 1246 Episcopi
683 1164 720 1225 ad
748 1165 902 1226 Dedouem
929 1165 1119 1246 Episcopum,

180 1263 342 1339 mul⁰894·
1183 1279 1240 1342 ²35

135 1357 215 1416 Vita
229 1357 260 1416 S.
271 1358 405 1438 Gregorii
418 1359 462 1418 M.
477 1359 513 1418 ab
527 1358 634 1418 incerto
648 1357 771 1418 Auctore
783 1358 955 1438 conscripto,
970 1379 1048 1420 anno
1062 1363 1131 1439 893.
1183 1379 1237 1438 131

138 1453 216 1513 Vita
240 1454 271 1514 S.
286 1453 456 1534 Welpurgis
474 1453 606 1534 Virginis
630 1465 661 1513 et
681 1453 845 1514 Abbatieeoe
867 1454 1140 1518 Heidenheimeusie

180 1551 288 1632 scripte
301 1571 319 1610 a
331 1551 545 1611 Wonrnrnno
559 1551 707 1610 Monecho
722 1549 945 1621 Heaenrieteuo,
960 1571 1037 1612 euno
1052 1554 1120 1631 896.
1183 1556 1238 1632 163

218 1711 321 1776 Index
336 1712 568 1798 Opueoulorum
583 1711 675 1777 Tomi
691 1711 756 1776 III.
772 1713 872 1778 Parte
887 1711 914 1776 Ι.
934 1719 1168 1788 contentorum.

136 1831 215 1891 Vite
229 1833 260 1892 S.
270 1833 432 1892 Burchardi
447 1831 671 1913 Herbipolensis
686 1831 827 1912 Episcopi
841 1829 973 1891 Auctore
988 1832 1134 1914 Anonymo

179 1949 258 1988 enno
272 1948 343 2007 910.
1130 1929 1204 2009 Peg.
1225 1947 1238 1988 1

135 2025 277 2106 Synodue
291 2025 573 2105 Engilenhemensie,
588 2045 665 2085 enno
678 2026 748 2104 948.
1221 2026 1239 2084 8

136 2123 278 2201 Synodus
292 2121 476 2202 Augusteua.
492 2144 568 2182 enno
583 2139 652 2201 952.
1203 2141 1235 2183 11

135 2219 213 2279 Vita
227 2221 258 2280 S.
267 2219 430 2280 willibadi
445 2221 585 2301 Episcopi
599 2218 802 2279 Aichetadieni
816 2217 948 2279 Auctore
962 2219 1117 2300 Ampmc

179 2317 341 2395 1111119983.
1203 2335 1237 2392 13

134 2414 304 2473 chronicon
318 2414 504 2474 Hieronem
519 2413 671 2484 Thebani3
686 2413 788 2473 Graece
802 2423 832 2473 et
847 2412 961 2482 Latine,
975 2432 1052 2472 anno
1065 2429 1135 2491 990.
1200 2431 1237 2472 19

134 2509 188 2569 De
202 2509 234 2568 S.
245 2509 406 2570 Adelberto
421 2510 561 2589 Pragenei
580 2509 728 2590 Episcopo
752 2521 782 2570 et
797 2511 937 2589 Martyre,
954 2508 1138 2580 prussorum,

179 2606 368 2674 Boemorum,
391 2605 569 2666 Polonorum
593 2618 624 2666 et
647 2607 826 2666 Francorum
851 2604 1006 2685 Apostolo‚
1031 2606 1140 2666 Auctor

178 2721 315 2782 aeqrcoew
335 2723 401 2763 cum
421 2704 586 2782 fragmento
606 2703 714 2784 triplici
735 2723 772 2763 ex
794 2703 940 2761 Chronico
956 2702 1136 2781 Megdebur-

178 2799 271 2877 gensi,
295 2801 439 2860 Chronico
463 2799 604 2860 Adamari
631 2813 661 2861 et
688 2821 725 2860 ex
748 2799 848 2860 libello
874 2799 911 2859 de
936 2798 1138 2858 Translatioue

181 2895 353 2956 Sanctorum
368 2896 501 2957 Abundii
514 2908 545 2957 et
558 2897 785 2964 Abundantium,
800 2915 877 2955 enno
896 2913 980 2954 1000.
1198 2913 1234 2970 41

136 2991 188 3051 De
201 2991 364 3052 Adslhaide
378 2995 501 3073 conjuge
515 2995 636 3054 Ottonis
650 2994 675 3052 1.
689 2993 756 3052 hirri
770 2993 840 3058 duo.
854 2991 987 3050 Auctore
1000 2989 1135 3050 familiari

179 3089 252 3166 ejus,
267 3101 301 3148 nt
315 3089 440 3160 videtur,
455 3092 605 3152 Onrnourt
621 3090 815 3160 cluniacensi,
829 3109 905 3148 anno
924 3107 1009 3148 1000.
1196 3087 1237 3166 69

134 3187 357 3245 Mammam
369 3187 631 3267 Magdebnrgensis
642 3187 796 3267 Prnpositi
811 3186 847 3246 dc
858 3185 919 3245 vite
932 3196 963 3246 et
976 3185 1135 3246 virtutibus

180 3281 216 3339 B.
228 3281 436 3342 Emmerammi
449 3283 524 3343 liber
537 3304 624 3353 uuus,
643 3303 730 3342 1010.
1201 3281 1241 3342 86

135 3375 288 3437 Aeuom
316 3397 353 3436 ex
376 3379 540 3439 comitibus
567 3379 604 3439 de
631 3380 724 3439 Cham
752 3389 783 3438 et
807 3379 974 3457 Vochburg,
998 3377 1139 3438 Monechi

180 3473 213 3535 S.
225 3475 402 3536 Emernmmi
424 3477 461 3537 de
477 3477 630 3538 Mireculie
644 3478 680 3536 B.
693 3477 873 3538 Emerammi
892 3475 960 3537 libri
979 3475 1048 3548 duo,
1062 3496 1140 3535 anno

185 3591 273 3630 1010.
1183 3591 1239 3649 193

137 3669 336 3750 Panegyricus
357 3669 505 3730 Wreorus
530 3672 656 3731 carmine
678 3670 804 3751 scriptus
827 3669 864 3729 ad
888 3669 1060 3730 Heinrieum
1075 3670 1136 3730 111.

179 3767 399 3844 Imperatorem,
415 3767 542 3826 conradi
557 3768 632 3847 Imp.
647 3767 750 3838 filium,
765 3787 841 3825 anno
858 3783 945 3840 1044.
1183 3767 1236 3826 161

135 3863 212 3924 Vita
240 3863 412 3924 Sanctorum
441 3864 565 3932 Kilieni,
594 3863 735 3944 Episcopi
759 3862 1005 3942 wirzburgensis,
1035 3863 1130 3924 Kolo-

177 3960 277 4018 meuni
290 3961 456 4040 Presbyteri
470 3971 501 4020 et
513 3960 642 4020 Totneni
653 3960 831 4040 Martyrum,
844 3970 963 4019 auctore
976 3960 1132 4040 Amymo.

179 4077 257 4115 enno
274 4072 359 4133 1050.
1184 4075 1237 4134 ¹71

134 4152 212 4212 Vita
239 4151 272 4212 S.
292 4153 439 4214 Guntheri
462 4153 619 4234 Thuringii
648 4151 787 4212 Monachi
816 4151 997 4226 Auriensis,
1022 4153 1140 4215 demum

178 4247 330 4318 Eremitc,
345 4260 463 4310 auctore
478 4252 632 4332 Anonymu
647 4270 724 4309 cuno
742 4267 828 4328 1939.
1184 4249 1239 4327 183

135 4347 324 4406 Hennuru
339 4347 526 4407 Oournacnr
537 4347 661 4408 Comitia
675 4347 711 4408 de
722 4347 884 4427 viringen,
894 4347 1018 4426 Majorie
1031 4345 1138 4425 Augioe

178 4443 319 4504 Monaohi
332 4442 597 4514 Chronicon,uuno
614 4460 701 4522 1054.
1183 4459 1237 4520 191
