3172 5108
447 362 612 430 Gollncdii
626 364 812 432 Bibliotheca
831 365 977 431 Petrum.
1194 368 1257 438 199

1193 540 1214 588 P
1247 573 1253 586 .

149 619 183 678 S.
199 619 328 678 Basrnrr
346 621 443 699 magni
463 622 566 682 Sermo
587 623 623 683 de
645 623 909 692 contubernalibus,
930 642 966 681 ex
988 642 1040 682 ms.
1054 621 1153 682 codice
1214 555 1245 603 ⁸8

193 717 385 777 Bibliothecae
397 719 537 779 Mediceae
551 740 645 800 nuper
658 721 764 791 editus,
780 720 820 778 A.
830 720 865 778 C.
881 736 949 795 373.

152 811 261 870 Panas
285 814 329 872 ll.
351 816 479 894 episcopi
499 815 693 875 Alexandrini
716 815 852 896 Epistola
878 814 1024 896 encyclica
1046 814 1083 873 de
1107 814 1153 874 bis

192 928 257 986 que
272 909 459 969 Alexandria
472 921 554 988 gesta
568 922 637 970 sunt
651 922 769 970 anctore
783 911 886 979 Lucio,
901 911 941 970 A.
954 913 988 969 C.
1006 926 1074 987 375.
1193 929 1252 989 337

331 1008 505 1086 Fragmenta
520 1007 662 1088 Epistola}
681 1008 719 1066 ad
740 1008 891 1087 episcopos
912 1006 1065 1087 AEgyptios
1085 1007 1152 1066 fidei

193 1123 281 1162 causa
294 1105 419 1163 exsules.
1195 1124 1255 1181 344

152 1199 325 1260 Trncansr
349 1202 476 1281 episcopi
498 1201 691 1261 Alexandrini
711 1197 865 1282 Responsa
892 1203 1038 1270 canonica,
1061 1202 1100 1262 A.
1117 1203 1151 1262 C.

216 1299 263 1356 80.

153 1315 303 1454 Nsistssrr
323 1397 449 1477 episcopi
466 1395 603 1455 Emeseni
619 1397 708 1455 Liber
729 1397 766 1455 dc
787 1409 891 1456 natura
911 1395 1045 1462 hominis,
1062 1395 1101 1454 A.
1115 1397 1150 1454 C.
1193 1316 1250 1376 34⁵

193 1494 264 1568 ³80·
1194 1509 1251 1570 ssa

152 1588 184 1646 S.
200 1591 340 1648 Ansnsn
355 1589 466 1648 abbatis
481 1589 622 1648 Doctrina
636 1601 666 1648 et
681 1589 855 1657 exhortatio,
871 1588 910 1646 A.
924 1588 959 1646 C.
976 1588 1045 1663 382.
1193 1591 1253 1663 426

154 1715 314 1731 ---
337 1685 603 1766 Apophthegmata,
619 1686 657 1744 A.
671 1689 704 1744 C.
721 1687 791 1762 382.
1194 1705 1254 1764 429

154 1781 313 1840 ansrrnr
334 1783 495 1862 presbyteri
517 1803 614 1860 opera.
657 1783 852 1842 Accesserant
873 1783 1002 1859 ejusdem
1019 1781 1153 1842 Faustini

193 1879 248 1936 tini
270 1889 301 1937 et
322 1878 487 1938 Marcellini
507 1879 624 1938 libellus
645 1900 763 1959 precum
786 1879 823 1938 ad
843 1882 1039 1957 imperatores,
1062 1879 1101 1938 A.
1118 1882 1151 1938 C.

194 1975 264 2050 383·
1194 1995 1249 2051 44¹

153 2072 184 2130 S.
201 2071 399 2132 Parnnsran
426 2073 541 2153 epistoli
566 2075 727 2134 Brixiensis
747 2072 837 2133 Liber
858 2073 894 2132 de
916 2073 1095 2140 Haresibus,
1117 2073 1155 2132 ad

194 2167 280 2228 fidem
292 2168 363 2228 MS.
375 2169 482 2230 codicis
492 2170 749 2250 sangermanensis
763 2169 928 2248 recognitus
938 2180 969 2228 et
977 2169 1110 2245 pluribus
1124 2169 1153 2228 in

192 2265 265 2324 locis
278 2266 441 2345 suppletus,
457 2267 497 2326 A.
508 2269 543 2326 C.
561 2269 630 2342 384.
1194 2269 1254 2342 480

152 2364 189 2422 B.
207 2364 406 2424 Hrsaonrmr
421 2365 563 2444 Dialogus
584 2365 621 2425 de
638 2377 737 2426 sancta
751 2366 897 2424 Trinitate
918 2365 994 2424 inter
1015 2364 1154 2424 Judaeum

192 2471 223 2520 ct
238 2463 445 2528 Christianum,
462 2462 501 2520 A.
516 2463 549 2521 C.
564 2462 633 2540 385.
1196 2477 1254 2538 522

418 2560 633 2619 Commentatio
646 2559 811 2619 Christiano
826 2559 947 2618 cuilibet
961 2558 1051 2618 utilis.
1195 2575 1254 2637 527

152 2673 185 2731 S.
202 2673 321 2732 Starcrr
337 2693 419 2752 papas
435 2673 579 2752 Epistola
594 2685 623 2732 et
639 2673 774 2741 Decreta,
790 2672 830 2731 A.
843 2673 876 2730 C.
892 2672 961 2747 386.
1196 2691 1253 2750 533

152 2769 298 2828 Evannn
320 2769 437 2829 Pontici
461 2790 549 2848 opera
571 2790 637 2847 quae
660 2779 777 2828 exstant
800 2769 907 2838 omnia,
927 2789 1006 2826 nnnc
1028 2769 1154 2848 primum

193 2865 316 2925 collecta
330 2877 361 2926 et
374 2867 496 2946 digesta,
512 2867 550 2926 A.
563 2870 597 2926 C.
613 2867 682 2943 386.
1197 2884 1213 2945 5
1217 2882 1233 2942 5
1238 2885 1253 2942 3

150 2963 184 3021 S.
200 2961 385 3022 Accusatur
402 2964 530 3044 episcopi
545 2963 746 3043 Hipponensis
765 2963 801 3022 ad
820 2963 965 3042 Optatam
985 2963 1153 3042 episcopum

195 3062 401 3122 Milevitanum
423 3061 460 3122 de
481 3063 597 3120 Natura
617 3072 647 3121 et
669 3060 790 3140 Origine
812 3059 928 3119 Animas
951 3061 1087 3141 Epistola
1106 3081 1152 3120 sc·

195 3159 298 3218 cunda.
341 3159 472 3218 Accessit
487 3159 611 3239 cy'usdem
627 3158 656 3217 S.
671 3157 833 3236 Augustini
847 3157 983 3236 Epistola
1003 3157 1040 3216 dc
1059 3159 1154 3235 poenis

194 3255 381 3335 parvulorum
406 3257 456 3333 qni
481 3256 544 3314 sine
567 3256 712 3334 baptismo
733 3254 889 3323 decedunt,
913 3254 950 3313 ad
976 3254 1097 3313 Petrum
1123 3265 1153 3312 et

194 3353 351 3411 Abrabam.
395 3352 469 3423 Quae
483 3351 600 3430 quidem
617 3351 758 3431 Epistola
772 3351 851 3410 haud
872 3351 914 3410 ita
927 3351 1039 3430 pridem
1054 3351 1151 3430 prodi-

194 3461 290 3510 erunt.
333 3451 457 3509 Necnon
482 3449 691 3527 Fragmentum
713 3449 854 3528 Epistolae
878 3449 909 3508 S.
933 3447 1093 3526 Augustini
1115 3449 1152 3507 ad

194 3549 349 3627 Optatam,
364 3558 452 3626 prout
466 3557 561 3606 exstat
580 3547 659 3626 apud
673 3547 853 3626 Eugypium.
875 3545 941 3604 Fol.
955 3565 1019 3602 101.
1042 3544 1150 3603 Utrum

193 3644 362 3722 singillatim
384 3663 401 3701 a
422 3644 487 3702 Deo
510 3643 648 3702 Creatorc
668 3643 843 3700 lineamenta
865 3643 1038 3708 formentur,
1061 3653 1091 3700 et
1115 3642 1152 3701 <lc

193 3743 297 3802 anima
318 3742 477 3820 quaestione
490 3788 596 3802 ......
608 3761 645 3799 ex
659 3741 772 3799 duabus
785 3739 925 3820 Epistolis
948 3739 984 3797 ad
999 3739 1151 3818 Optatum.

194 3839 292 3914 Caput
306 3854 436 3893 cccxcv.
479 3834 516 3892 A.
530 3835 564 3893 C.
581 3834 649 3910 386.
1193 3839 1250 3914 582

150 3933 336 3993 Breviarium
352 3931 417 3990 fidei
433 3931 570 3991 adversus
586 3931 737 3990 Arrianus:
754 3940 870 3990 auctore
884 3932 997 4000 incerto,
1008 3933 1059 3991 sed
1073 3934 1149 3992 anti-

193 4027 342 4105 quissimo‚
358 4027 396 4084 A.
408 4029 441 4084 C.
456 4029 525 4101 386.
699 4055 703 4062 ·
1192 4033 1263 4108 589*

150 4125 244 4182 Issnc
259 4143 295 4182 ex
309 4122 330 4180 J
332 4122 425 4190 uduo,
440 4123 514 4182 liber
536 4123 603 4182 fidei
617 4123 653 4182 de
667 4135 773 4183 sancta
788 4124 934 4184 Trinitate
955 4125 1035 4184 etde
1051 4126 1149 4185 Incar-

193 4219 312 4278 naticne
326 4218 458 4288 Domini,
473 4219 512 4278 A.
526 4222 560 4278 C.
577 4221 646 4295 386.
1192 4238 1250 4298 597

150 4315 185 4375 S.
207 4318 354 4374 Manum
376 4317 504 4396 episcopi
530 4317 711 4378 Turonensis
732 4317 831 4376 Trinae
855 4320 987 4385 unitatis,
1012 4331 1042 4378 et
1064 4318 1151 4381 unius

195 4415 350 4474 Trinitatis
366 4415 527 4484 Confessio,
543 4413 584 4475 A.
596 4417 628 4473 C.
644 4415 713 4489 386.
1194 4434 1253 4492 599

729 4531 781 4584 04
