3192 5112
449 399 539 462 Pon
565 398 734 463 monum
755 399 983 464 Anocdotmum.
1225 405 1268 467 28

243 552 465 622 Gennaniois
490 555 713 645 potissimum
735 553 968 624 Bibliotheois
995 556 1165 626 adornato
1185 555 1268 628 Col-

244 667 350 737 leotio
368 669 617 740 recentissima.

592 897 772 970 TOMUS
807 900 836 970 Ι.

629 1093 749 1158 PARS
774 1096 803 1158 1.

166 1227 274 1286 anrr
301 1229 458 1288 Nouxrrm
480 1230 628 1290 Binsuur
652 1232 874 1292 San-Gallensis
889 1234 960 1292 Ord.
976 1235 1008 1292 S.
1025 1233 1099 1293 Ben.
1112 1234 1164 1311 qui

206 1345 285 1382 anuo
310 1345 465 1384 uccocxu.
490 1327 574 1396 obiit,
597 1327 723 1386 Notatio
751 1329 787 1387 de
811 1328 981 1389 illustribus
1003 1330 1090 1399 Viris,
1113 1349 1164 1388 seu

207 1421 297 1480 Liber
311 1421 347 1480 de
363 1422 577 1502 interpretibus
591 1425 764 1482 Divinarum
776 1424 1003 1503 Scriptumrum.
1166 1425 1261 1484 Col.1

167 1517 307 1596 Ejusdem
321 1519 410 1577 Liber
424 1520 658 1597 Sequentiarum,
673 1541 737 1598 quae
752 1521 788 1580 sd
803 1522 911 1580 Missos
925 1522 981 1580 dici
996 1522 1137 1580 solebant.
1228 1541 1263 1598 ¹7

165 1613 346 1673 Aeonum
369 1615 525 1675 Monsour
547 1629 577 1676 et
598 1619 722 1677 Disooni
737 1618 941 1688 Luxoviensis‚
956 1619 1027 1677 Ord.
1044 1619 1075 1677 S.
1088 1619 1163 1678 Ben.

205 1711 258 1787 qui
272 1731 348 1770 anuo
362 1712 473 1772 Christi
488 1731 663 1772 uoocxxxv.
687 1714 795 1784 floruit,
810 1715 1044 1774 Commentarius
1058 1717 1089 1774 iu
1102 1717 1164 1775 Ge-

207 1809 311 1868 nesim.
1224 1829 1263 1890 45

162 1904 308 1964 Csmnrm
333 1907 508 1985 Presbyteri,
532 1907 568 1964 B.
583 1906 705 1966 Aletrini
730 1907 886 1988 Discipuli,
913 1907 1069 1988 Expositio
1092 1910 1163 1969 Pas·

206 1999 297 2058 sionis
310 2000 430 2058 Domini
445 2001 537 2059 nostri
551 2002 625 2060 Jesu
639 2001 759 2060 Christi.
1207 2019 1259 2078 241

165 2094 306 2173 Ejusdem
332 2096 467 2174 Epistola
496 2096 533 2155 od
562 2097 601 2154 D.
626 2097 708 2154 Num
734 2097 869 2156 Christus
897 2097 1043 2176 corporeis
1070 2098 1163 2158 oculis

206 2192 305 2250 Deum
319 2193 418 2252 videre
432 2193 582 2272 potuerit?
1204 2210 1262 2272 309

164 2286 308 2365 Anonymi
321 2287 397 2345 forte
410 2287 550 2345 coenobitae
559 2285 772 2344 Lunoelocensis
784 2285 856 2344 Ord.
872 2285 904 2343 S.
917 2285 1027 2344 Bened.
1043 2286 1161 2346 Glosse-

205 2385 282 2442 rium
298 2383 615 2443 Lstino-Theodisoum
630 2383 661 2440 in
676 2381 773 2441 Bibliu
788 2381 884 2440 Sacro.
1202 2403 1261 2460 317

163 2479 356 2540 Miscellaneo
376 2480 534 2540 Themison
556 2499 592 2537 ex
614 2479 735 2537 diversis
751 2478 844 2537 MSS.
861 2477 934 2536 cod.
949 2477 1070 2536 collecta
1084 2491 1113 2538 et
1130 2479 1161 2537 in

205 2576 279 2635 duos
292 2589 389 2655 partes
403 2576 522 2636 tributo.
803 2595 806 2600 ·
1204 2593 1260 2653 373

167 2673 238 2732 Ven.
257 2673 477 2732 Euununnnm
500 2671 626 2730 Abbatis
647 2669 867 2738 Admonteusis,
882 2671 954 2730 Ord.
971 2671 1002 2729 S.
1019 2671 1093 2731 Ben.
1111 2675 1161 2751 qui

205 2771 260 2830 sub
283 2769 440 2847 Rudolpho
462 2767 674 2846 Hsbspurgioo,
698 2767 723 2824 1.
747 2768 822 2847 Imp.
843 2767 958 2836 claruit,
974 2767 1108 2847 Epistolu
1125 2770 1161 2828 de

206 2866 320 2924 Studiis
335 2877 365 2924 et
382 2864 506 2943 Scriptis
522 2865 591 2923 suis.
1203 2883 1263 2943 429

165 2959 305 3039 Ejusdem
318 2960 408 3018 Liber
425 2959 462 3018 de
476 2959 579 3018 Ceusis
593 2957 804 3037 Lougaevitetis
816 2957 978 3016 Hominum
992 2969 1060 3018 onte
1074 2959 1159 3018 Dilu-

205 3077 295 3114 vrum.

166 3153 305 3232 Ejusdem
323 3153 479 3211 Tmotatus
504 3171 556 3210 seu
576 3151 666 3211 Liber
686 3150 800 3231 amplus
821 3151 857 3211 de
876 3151 987 3211 Gratiis
1011 3163 1041 3212 et
1056 3152 1159 3211 Virtu-

204 3251 285 3308 tibus
301 3249 399 3308 Beatae
413 3247 516 3307 Merite
531 3245 617 3326 Virg.
1203 3261 1260 3325 505

614 3443 735 3506 PARS
759 3441 809 3506 11.

164 3597 268 3654 Sancti
293 3596 463 3655 Psssussrr
490 3597 674 3664 ulnarum,
695 3595 878 3655 Corbeiensis
901 3597 931 3653 iu
953 3595 1076 3654 Francis
1096 3595 1160 3654 Ab·

203 3692 280 3751 botis
293 3692 364 3751 Ord.
380 3693 411 3752 S.
427 3693 500 3752 Ben.
515 3692 552 3752 de
567 3692 651 3761 Fide,
667 3692 736 3770 Spe,
751 3703 781 3750 et
795 3691 954 3750 Charitste.
977 3691 1041 3748 Lib.
1056 3689 1099 3748 iii.
1244 3709 1256 3749 r

161 3789 353 3856 Genusum,
369 3801 469 3868 postea
484 3790 669 3848 Sruvesum
686 3788 730 3847 ll.
747 3787 833 3846 Pout.
849 3788 930 3846 Max.
946 3787 1020 3847 Ord.
1036 3787 1066 3844 S.
1085 3787 1157 3846 Ben.

205 3885 336 3944 Libellus
350 3886 386 3944 de
401 3889 529 3966 Corpore
542 3897 572 3946 et
588 3885 736 3964 Sanguine
749 3885 879 3942 Domini.
1204 3901 1258 3959 133

162 3981 303 4059 Ejusdem
327 3981 460 4041 Libellus
484 3982 520 4040 ed
542 3982 684 4040 Ottonern
706 3981 765 4038 111.
791 3981 866 4058 Imp.
892 3981 928 4040 de
950 3981 1107 4048 Retiorroli,
1128 3990 1159 4039 et

204 4075 330 4136 Ratione
346 4078 400 4136 uti.
1204 4095 1259 4152 149

160 4172 322 4231 Gunnour
351 4173 505 4253 Proepositi
535 4171 822 4251 Reieherspergeusis
850 4170 922 4229 Ord.
949 4171 1021 4229 Con.
1052 4173 1125 4252 Reg.

203 4269 235 4328 S.
249 4269 378 4348 August.
392 4270 443 4348 qui
461 4268 559 4329 seculo
574 4267 650 4327 ΧΗ.
664 4267 785 4327 celebris
807 4267 875 4336 fuit,
895 4267 984 4326 Liber
1003 4267 1039 4327 de
1056 4267 1157 4326 Gloria

202 4379 233 4426 et
248 4367 372 4427 Honore
387 4365 457 4424 Filii
472 4363 619 4422 Hominis.
1202 4363 1255 4438 165

160 4463 301 4542 Ejusdem
316 4463 406 4522 Liber
420 4459 559 4521 adversus
572 4460 644 4520 duos
659 4461 790 4520 Haereses
804 4458 849 4517 sui
864 4457 1012 4534 temporis.
1200 4457 1256 4532 283

701 4574 752 4630 04
