3192 5112
502 397 652 464 Dccdosii
673 396 876 484 Spirileps'ssn.

145 629 293 691 Hanarcs
307 631 364 691 IV.
383 631 571 712 Imperatoris
591 631 733 713 Epistola
753 644 812 692 tres
835 632 872 692 ud
893 633 1051 712 liugonem
1072 631 1135 692 Ab·
1229 585 1236 598 ·

186 728 282 788 batem
298 728 526 788 cluniacensem.
1175 748 1233 804 441

145 825 288 904 Anonymi
300 823 434 904 Epistola
448 824 485 884 ad
498 826 631 886 eumdem
646 825 812 904 Hugonem.
1176 841 1234 900 443

144 920 295 980 Hanaror
310 921 496 1001 Imperatoris
511 923 643 1002 Epistola
655 922 692 981 ad
705 922 837 982 eumdem
854 921 1021 1000 Hugonem.
1163 919 1233 979 ibid.

145 1017 296 1077 IIuoonrs
323 1017 451 1096 ejusdem
479 1018 613 1100 Epistola
640 1019 677 1080 ad
706 1019 875 1101 Philippum
900 1019 926 1078 l.
957 1020 1132 1078 Francorum

187 1114 308 1193 Regem.
1166 1114 1234 1174 ibid.

145 1211 323 1272 Psscnsms
347 1213 443 1272 Parin
467 1214 511 1272 11.
536 1214 671 1294 Epistola
697 1214 734 1274 de
761 1215 921 1294 Legatione
948 1213 980 1272 S.
1003 1212 1042 1272 A.
1070 1212 1137 1272 data

186 1309 313 1368 Girardo
326 1309 539 1389 Engclismensi
554 1312 710 1392 Episcopo.
1176 1327 1236 1384 444

145 1406 344 1466 hissenus
365 1407 403 1468 de
423 1409 532 1476 Esset.
560 1421 590 1468 et
616 1409 769 1470 Aaronem
796 1431 871 1469 uxor
897 1410 970 1487 ejus,
998 1407 1137 1468 nonnulla

187 1503 308 1572 donant,
322 1525 356 1564 ac
370 1505 462 1564 lilium
476 1507 604 1566 offerunt
617 1506 756 1566 Ecclesia
771 1507 949 1568 caturcensi.
1165 1505 1236 1564 ibid.

147 1599 368 1660 Testamentum
384 1601 561 1660 Huussacr
577 1603 761 1662 (insumas.
1164 1602 1234 1661 ibid.

145 1697 338 1757 Tnsossnur
363 1697 543 1778 Stampensis
566 1699 701 1780 Epistola
724 1699 761 1760 ad
785 1700 964 1780 Episcopum
987 1699 1135 1758 Lincolni-

187 1817 296 1856 mm·
1175 1812 1233 1873 445

145 1891 284 1972 Ejusdem
298 1893 431 1974 Epistola
443 1893 481 1954 ad
494 1895 657 1954 Pharitium
675 1894 937 1954 Habendonensem
952 1893 1106 1954 Abbatem.
1175 1909 1235 1969 447

145 1988 287 2069 Ejusdem
302 1989 435 2070 Epistola
448 1990 485 2048 ad
498 1991 694 2070 Margaretam
710 1991 860 2070 Reginam.
1163 1989 1234 2050 ibid.

146 2084 287 2166 Ejusdem
301 2087 435 2167 Epistola
448 2087 483 2146 ad
499 2087 669 2168 Philippum
683 2089 816 2148 amioum.
1164 2087 1234 2146 ibid.

147 2183 282 2261 Ejusdem
296 2183 429 2264 Epistola
442 2184 479 2243 ad
492 2185 677 2244 Roscelinum
692 2185 949 2264 Compendieusem
965 2185 1118 2246 Clericum.
1175 2185 1235 2258 448

145 2281 286 2340 ussum
302 2281 498 2342 Romanorum
513 2283 604 2362 Regis
617 2285 753 2364 Epistola
772 2285 809 2344 ad
830 2285 991 2344 Monachos
1005 2284 1125 2344 Clunia.

188 2398 294 2438 m
1175 2399 1236 2458 449

146 2527 340 2592 Hmoasasm
363 2529 605 2594 Cenomanensis
630 2527 779 2616 Episcopi
804 2551 842 2593 ao
864 2529 976 2594 deinde
998 2527 1236 2616 Archiepiscopi

504 2633 695 2698 Turonensis
716 2631 878 2718 Epistolae.

144 2786 283 2866 Epistola
297 2787 321 2844 l.
334 2786 372 2846 ad
385 2785 576 2846 Gnillelmum
591 2786 835 2846 wincestrensem
851 2785 1038 2866 Episcopum.
1175 2803 1235 2862 450

145 2883 190 2942 11.
206 2883 267 2942 111.
282 2883 339 2942 lV.
353 2885 389 2942 V.
405 2883 460 2943 Vl.
474 2883 548 2943 Vll.
562 2884 599 2943 ad
613 2884 740 2943 Amicos.
1049 2881 1117 2941 ibid.
1132 2891 1162 2941 et
1176 2901 1234 2960 seq.

144 2980 237 3040 VIII.
252 2981 289 3039 ad
303 2981 468 3040 Honorium
483 2981 601 3061 Papam.
1174 2997 1232 3056 453

145 3077 204 3137 IX.
218 3077 255 3137 ad
269 3079 457 3160 Episcopum,
471 3079 522 3157 qui
536 3077 664 3138 sandalia
677 3078 802 3138 miserat.
1165 3077 1234 3136 ibid.

143 3177 187 3235 X.
202 3175 239 3234 ad
254 3175 433 3256 Episcopum
447 3174 610 3254 quemdam.
1164 3175 1234 3234 ibid.

144 3273 204 3332 XI.
218 3272 256 3332 ad
270 3273 430 3334 Henricum
446 3273 608 3352 Anglorum
624 3273 742 3352 Regem.
1175 3291 1235 3350 454

144 3369 221 3429 XII.
236 3370 328 3429 XIII.
342 3371 431 3430 XIV.
447 3371 517 3430 XV.
532 3370 619 3431 XVI.
634 3371 741 3430 XVII.
755 3367 792 3429 ad
806 3371 942 3432 diversos.
1045 3371 1115 3431 ibid.
1130 3383 1160 3431 et
1173 3391 1233 3449 seq.

145 3467 271 3527 XVIII.
283 3467 371 3528 XIX.
381 3469 454 3529 XX.
466 3468 555 3528 XXI.
569 3469 606 3528 ad
620 3469 822 3528 innocentium
838 3469 945 3550 Papam
961 3469 1004 3529 ll.
1057 3487 1116 3547 455
1131 3479 1161 3529 et
1174 3489 1233 3546 seq.

143 3563 255 3625 XXII.
270 3565 305 3624 ad
319 3567 452 3626 amicum.
566 3597 570 3603 ·
1175 3569 1235 3642 456

143 3661 265 3720 XXIII.
279 3661 316 3720 ad
330 3661 490 3722 Renulfum
506 3663 729 3722 Dunelmensem
746 3663 933 3743 Episcopum.
1164 3663 1233 3724 ibid.

144 3757 264 3818 XXIV.
278 3759 315 3818 ad
327 3760 468 3839 Algamm
484 3760 613 3820 Priorem
629 3761 663 3821 S.
674 3760 838 3821 Cutbberti.
1173 3779 1233 3839 457

143 3855 321 3916 Societatem
345 3877 411 3916 cum
433 3857 586 3917 Monsobis
601 3858 838 3918 cluniacensibus
858 3859 961 3917 ineunt
975 3859 1134 3938 Episcopus

184 3962 211 4012 et
228 3954 366 4015 Cononici
381 3956 517 4017 Ecclesia
532 3956 758 4016 Aurelianensis.
1163 3957 1232 4016 ibid.

142 4049 268 4109 Pactum
282 4052 387 4111 initum
402 4054 478 4113 inter
492 4051 681 4112 Guillalmum
697 4053 952 4132 Montispessulani
964 4053 1132 4120 Dominum,

183 4157 214 4206 et
229 4148 423 4209 Bertrandum
437 4151 474 4211 de
488 4149 621 4209 Andusia
633 4171 687 4230 pro
701 4150 828 4210 ineundo
841 4151 1024 4210 matrimonio
1037 4151 1091 4210 lilii
1105 4161 1134 4210 et

184 4243 252 4304 filis
266 4246 403 4325 ipsorum.
1155 4245 1233 4305 ibid.

142 4341 266 4400 Hamas
295 4345 519 4404 Cenomanensis
546 4343 650 4404 Comes
676 4345 815 4404 nonnulla
842 4345 930 4404 donat
956 4344 1134 4404 Monasterio

185 4439 217 4497 S.
230 4439 310 4499 Petri
326 4441 362 4500 de
376 4440 508 4500 Cultura.
1174 4459 1233 4519 459
