3204 5122
353 351 396 414 44
708 344 856 412 medaii
876 344 1083 433 Epioileps‘eaa

1385 502 1447 568 rag.

354 569 518 630 Concilium
532 567 700 629 senonense
713 568 781 627 anni
796 583 984 628 mcccxxxv.
997 565 1125 627 Praside
1135 566 1292 628 I'ristsndo
1305 569 1342 628 de

394 667 511 727 Salaasr
525 665 761 746 Arcbiepiscopo.
1388 687 1404 746 7
1407 687 1443 746 51

405 823 527 892 Vetera
537 823 624 888 Acta
637 822 680 888 ad
691 820 865 888 concilium
876 819 1029 888 Pisanum
1043 821 1245 908 pertinentia,
1261 822 1391 904 scilicet,

354 985 552 1046 Cardiualium
578 985 629 1066 qui
657 983 809 1044 Urbanum
829 983 887 1042 vl.
916 983 1026 1064 Papam
1054 983 1156 1042 Romu
1183 983 1341 1066 elegerant,

395 1083 528 1164 Epistola
542 1081 579 1142 ed
593 1079 760 1141 cardinales
774 1081 822 1160 qui
835 1081 989 1142 Avenione
1003 1093 1206 1142 remanserant.
1386 1086 1444 1162 763

353 1183 550 1247 cardinalium
571 1183 622 1261 qui
643 1181 679 1240 ab
693 1181 812 1240 Urbano
827 1180 907 1262 Papa
921 1181 978 1240 VI.
1001 1181 1190 1251 desciverant,
1210 1183 1342 1264 Epistola

393 1282 430 1343 ad
444 1282 540 1362 Reges
553 1301 586 1340 ac
600 1279 759 1359 Principes.
1386 1286 1446 1360 764

353 1377 533 1440 Eornmdem
548 1375 682 1458 Epistola
695 1375 731 1434 ad
745 1373 932 1434 Academiam
947 1373 1147 1436 Parisiensem.
1386 1383 1443 1462 765

353 1479 489 1539 amosa
510 1495 552 1535 nn
574 1475 748 1542 Bnossarto,
766 1473 796 1532 S.
808 1472 846 1533 R.
858 1471 896 1532 E.
911 1473 1072 1534 Cardinalis
1092 1473 1180 1554 vulgo
1198 1476 1340 1536 Mediola-

391 1575 498 1642 nensis,
513 1571 678 1634 Declaratio
698 1571 730 1629 in
751 1572 845 1629 Causa
862 1569 1040 1642 schismatis,
1059 1572 1129 1631 dum
1153 1573 1183 1631 iu
1205 1574 1342 1634 extremis

392 1682 498 1753 ageret.
1372 1672 1443 1732 ibid.

354 1772 525 1832 Borturscu
540 1767 636 1826 Parae
650 1765 707 1824 IX.
721 1765 829 1826 Litera
842 1765 878 1825 ad
892 1766 1042 1826 universos
1057 1765 1182 1827 Fideles.
1384 1771 1444 1846 766

354 1868 490 1949 Ejusdem
505 1864 593 1925 Bulla
606 1864 643 1924 ad
657 1863 793 1923 Carolum
809 1863 919 1944 Regem
935 1863 1121 1924 Francorum.
1383 1870 1443 1944 768

353 1965 423 2026 Alia
436 1963 561 2046 ejusdem
575 1961 661 2022 Bulla
674 1960 710 2020 sd
724 1960 868 2020 eumdem.
1385 1969 1443 2045 769

354 2062 492 2122 Narratio
505 2060 541 2121 de
550 2060 710 2140 Legatione
720 2057 903 2119 Avenioaem
918 2059 1003 2120 missa
1017 2062 1053 2120 ab
1067 2060 1149 2142 Rege
1160 2059 1347 2132 Francorum,

393 2171 459 2242 post
473 2161 600 2219 Mortem
615 2157 774 2218 clementis
789 2157 876 2235 Papa
884 2157 958 2216 VII.
1384 2179 1442 2239 770

352 2261 473 2318 cenom
489 2257 578 2335 Regia
590 2256 767 2314 Francorum
782 2253 924 2334 Epistola
936 2254 1001 2314 duoe
1015 2255 1050 2314 ad
1066 2255 1228 2336 collegium
1239 2258 1341 2318 cardi.

394 2356 514 2426 uallum,
527 2353 577 2433 qui
592 2351 746 2412 Avenione
759 2351 954 2410 morabantur.
1372 2357 1441 2416 ibid.

354 2453 492 2513 Narratio
514 2452 551 2512 de
571 2450 723 2510 Electione
744 2449 826 2508 Petri
848 2448 884 2508 de
903 2449 997 2517 Luna,
1020 2450 1071 2528 qui
1095 2471 1126 2510 se
1147 2451 1340 2513 Benedictum

393 2549 581 2630 nuncuparit.
1384 2569 1437 2630 77ι

355 2647 511 2708 Academia
527 2645 703 2705 Parisiensis
717 2643 852 2724 Epistola
865 2644 901 2703 ad
916 2645 1107 2706 Benedictum
1123 2647 1241 2728 Papam.
1384 2667 1440 2726 776

353 2745 492 2805 Narratio
505 2763 605 2802 eorum
618 2763 683 2822 qua
697 2753 760 2802 acta
773 2753 842 2801 suut
861 2741 891 2800 in
907 2742 1137 2823 congregatione
1152 2745 1339 2805 Pralatorum

394 2843 521 2904 Parisiis.
1383 2861 1419 2921 77
1423 2863 1439 2920 3

353 2939 512 3001 Academia
527 2938 705 2998 Parisienris
719 2937 854 3020 Epistola
867 2938 904 2997 ad
919 2937 1055 2999 carolum
1072 2939 1191 3020 Regem.
1383 2945 1440 3019 776

355 3037 451 3097 Stadii
468 3034 641 3096 coloniensis
656 3031 789 3114 Epistola
802 3031 839 3092 ad
853 3031 1038 3093 Academiam
1054 3035 1253 3096 Parisiensem.
1383 3040 1439 3115 782

354 3133 512 3194 Academia
528 3130 704 3190 Parisienaia
719 3131 889 3211 Responsio.

355 3230 492 3312 Ejusdem
507 3226 642 3308 Epistola
655 3226 691 3285 ad
706 3227 885 3288 Clementem
900 3230 1009 3310 Papam
1021 3230 1094 3290 VII.

354 3335 492 3416 Ejusdem
507 3331 641 3412 Epistola
655 3331 691 3390 ad
706 3331 882 3393 cardinales.

353 3435 475 3494 Caaour
490 3429 580 3509 Regis
599 3429 733 3510 Epistola
752 3429 788 3488 ad
810 3431 1000 3504 Clementem,
1021 3433 1105 3494 allam
1127 3437 1251 3515 rp'usdem
1266 3437 1341 3517 Epi.

393 3529 495 3590 stolam
510 3527 546 3587 ad
561 3527 711 3586 Intrusum
725 3529 885 3587 continens.
1369 3537 1438 3596 ibid,

354 3627 512 3689 Academia
533 3625 711 3686 parisiensis
731 3625 866 3707 Epistola
886 3627 924 3686 ad
937 3627 1105 3690 Cardinales
1127 3643 1193 3712 post
1209 3632 1339 3692 Mortem

393 3725 562 3787 Clementia.
1384 3734 1442 3810 786

353 3825 524 3884 Boutrson
540 3822 628 3904 Papa
642 3819 776 3902 Epistola
789 3820 826 3880 ad
840 3821 1002 3881 Consilium
1017 3821 1106 3903 Regis
1121 3823 1308 3886 Francorum.
1383 3831 1439 3907 787
1492 3848 1495 3852 ·
1587 3771 1588 3783 ¹

353 3919 488 4001 Ejusdem
504 3918 638 3999 Epistola
651 3917 688 3978 ad
703 3917 880 3976 Francorum
896 3917 1017 3997 Regem.
1370 3927 1440 3988 ibid,

353 4017 539 4077 Bausnrorr
554 4015 646 4074 XIII.
660 4013 795 4095 Epistola
809 4014 834 4073 1.
856 4013 893 4074 ad
906 4013 1093 4075 Academiam
1109 4015 1310 4081 Parisiensem.
1370 4025 1440 4085 ibid.

354 4112 512 4174 Academiae
526 4111 704 4171 Por-iriensis
717 4111 852 4190 Epistola
865 4111 901 4170 ad
915 4111 1092 4174 cardinales.
1383 4125 1440 4199 788

353 4213 540 4272 Bartamonr
565 4207 658 4267 XIII.
685 4207 776 4268 altera
802 4208 937 4290 Epistola
958 4209 995 4268 ad
1021 4209 1209 4274 Academiam
1230 4215 1337 4278 Parisi-

393 4329 500 4370 ensem.
1370 4317 1441 4378 ibid.

353 4405 492 4466 Narratio
525 4414 556 4463 et
590 4400 667 4462 Acta
700 4401 891 4463 celeberrima
926 4405 1093 4484 Legationis
1125 4408 1162 4467 ad
1196 4409 1338 4473 Benedic-

392 4515 457 4562 tum
472 4501 564 4562 XIII.
581 4501 674 4562 missa
688 4521 704 4560 a
718 4501 823 4562 Carolo
837 4502 890 4562 VI.
907 4503 1084 4564 Francorum
1099 4505 1189 4585 Rege.
1383 4515 1442 4590 789
