3172 5108
347 399 436 466 nic
452 399 554 466 ocra
567 401 770 488 epompio
781 401 867 466 Noa
884 403 1073 469 raian.
1203 405 1269 472 cir

159 569 201 629 X.
221 571 355 646 ’Δωφορᾶ
369 581 399 630 et
413 573 565 645 nuptum
577 573 706 641 Πιλάτου,
726 570 839 630 Grates.
1123 571 1194 652 Pag.
1207 573 1264 648 803

157 667 217 726 XI.
239 667 341 727 Codex
362 667 517 746 Evangelii
535 667 662 728 Joannei
684 669 803 728 Parisiis
820 669 852 727 in
876 671 963 729 Sacro
983 669 1163 750 Templsrio·

199 784 265 823 rum
281 763 439 823 Tabulsrio
453 774 616 824 asservatus
623 775 648 822 ⁰.
1207 768 1264 842 817

157 859 236 920 ΧΠ.
256 861 346 920 Liber
360 859 391 918 S.
403 861 527 919 Jcsnuis
541 860 771 941 Apocryphusl‘.
1125 863 1265 941 884-896

212 1061 385 1128 “Omnino
407 1061 543 1139 tribus,”
568 1063 631 1128 Vir
655 1062 857 1129 doctissimus
882 1063 1032 1150 loquitur,
1060 1071 1080 1102 “
1101 1066 1162 1130 hoc
1186 1088 1265 1152 opus

157 1169 342 1235 absolvetur
363 1168 583 1234 voluminibus.
628 1169 747 1248 Primo,
771 1168 857 1254 quod
878 1189 962 1233 nunc
983 1169 1101 1255 prodit,
1125 1193 1266 1257 compre-

157 1273 342 1338 henduntur
362 1271 525 1358 evangelia
540 1293 611 1357 quae
627 1277 797 1357 supersunt
816 1270 999 1356 apocrypha
1018 1293 1057 1336 eo
1076 1273 1187 1337 ordino
1202 1274 1266 1339 dis-

134 1374 275 1460 'posite,
291 1396 354 1460 quo
374 1373 563 1460 evangelicae
578 1372 720 1438 historiae
742 1373 944 1458 respondent.
990 1373 1135 1438 Medium
1150 1375 1263 1440 locum,

158 1499 254 1562 quem
275 1476 330 1540 illa
350 1497 484 1540 vacuum
507 1475 699 1561 relinquunt,
716 1480 852 1560 occupat
873 1473 1070 1560 evangelium
1089 1477 1266 1542 Marcionis

156 1602 180 1645 a
202 1579 236 1644 S.
251 1579 292 1644 lt.
308 1578 440 1644 Hahnio
460 1601 501 1644 cx
523 1578 718 1644 auctoritate
739 1583 883 1643 veterum
908 1583 1186 1644 monumentorum
1212 1581 1265 1644 dc-

158 1684 324 1769 scriptum.
378 1683 456 1764 Quae
485 1682 624 1748 accessio
654 1683 730 1768 quin
758 1689 855 1768 grata
883 1681 992 1747 futura
1021 1681 1065 1748 sit
1093 1683 1267 1749 lectoribus

157 1785 327 1871 plerisque,
342 1785 481 1850 maxime
495 1784 624 1862 exteris,
639 1805 705 1848 non
719 1783 841 1849 dubito.
880 1782 972 1848 Idem
986 1805 1079 1869 spero
1094 1786 1134 1850 ds
1148 1785 1267 1871 duplici

157 1888 343 1974 appendice.
402 1887 532 1952 Etenim
561 1887 601 1951 de
630 1885 751 1972 origine
780 1893 815 1950 et
844 1891 942 1951 oetate
978 1886 1095 1952 codicis
1123 1887 1264 1953 Joannci

159 1991 294 2056 Parisiis
314 1991 348 2054 in
370 2011 461 2054 sacro
481 1988 735 2076 Templariorum
756 1987 917 2052 tabulario
938 1989 1103 2070 asservati,
1118 1990 1152 2054 iu
1171 2012 1267 2077 quam

158 2093 218 2158 viri
244 2091 418 2157 doctissimi
443 2091 566 2156 frustra
589 2089 827 2176 inquisiverunt,
852 2091 895 2154 ad
920 2090 1074 2177 liquidum
1097 2093 1267 2159 veritatem

157 2195 238 2260 mihi
256 2194 367 2260 videor
386 2194 577 2280 explorasse.
621 2192 718 2258 Alter
736 2214 811 2257 vero
831 2192 911 2257 liber
931 2193 964 2257 S.
979 2193 1004 2256 J
1005 2193 1116 2258 oannis
1136 2217 1267 2281 apocry-

157 2299 251 2385 phus,
264 2299 354 2384 cujus
368 2298 472 2384 prima
486 2297 585 2362 editio
600 2297 633 2361 in
648 2297 822 2362 Germania
836 2303 886 2362 est
900 2296 1074 2377 rarissima,
1085 2318 1150 2360 non
1165 2298 1267 2362 solum

157 2402 264 2465 denuo
294 2400 380 2486 typis
405 2399 592 2486 descriptus,
621 2399 678 2464 scd
703 2399 801 2464 ctiam
826 2398 874 2463 ita
902 2397 981 2462 meis
1006 2397 1267 2464 adnotationibus

159 2503 341 2568 illustratus
368 2507 428 2580 cst,
456 2508 494 2566 ut
519 2501 687 2566 haercsium
711 2500 853 2565 historiae
879 2499 1030 2565 studiosis
1058 2521 1142 2584 nuno
1172 2501 1267 2566 lectio

158 2605 303 2691 ejusdem
328 2603 398 2689 plus
422 2602 589 2688 profutura
615 2602 667 2666 sit.
713 2601 893 2666 Secundum
915 2601 1069 2681 volumen,
1091 2603 1176 2687 quod
1201 2626 1267 2668 non

156 2709 294 2794 despero
314 2705 459 2792 proximo
482 2727 567 2770 anno
586 2703 706 2768 absolvi
726 2725 827 2788 posse,
844 2703 871 2767 si
891 2702 979 2768 Deus
1001 2711 1125 2768 annuat
1139 2706 1263 2791 coeptis,

158 2809 388 2894 complectetur
411 2807 516 2872 Actus
539 2803 778 2891 Apostolorum,
804 2803 967 2890 Epistolas
991 2812 1025 2870 et
1047 2807 1267 2892 Apocalypscs

157 2909 378 2994 apocryphas3
403 2909 457 2994 qui
476 2907 548 2972 libri
562 2906 735 2971 maximam
749 2913 877 2992 partem
891 2906 1046 2970 hactenus
1060 2913 1137 2971 sunt
1152 2907 1266 2972 inediti

161 3061 243 3076 ......
258 3011 404 3096 Denique
423 3011 456 3074 in
470 3010 567 3075 tertio
588 3016 676 3074 tomo
695 3008 820 3072 duabus
841 3008 988 3093 partibus
1003 3007 1156 3072 distincto
1177 3009 1266 3072 locus

158 3114 222 3180 crit
237 3111 518 3198 disquisitionibus,
534 3111 644 3197 quales
665 3132 749 3174 nunc
769 3109 802 3173 in
819 3109 908 3174 libris
922 3109 1089 3195 isagogicis
1103 3110 1145 3174 ad
1162 3109 1266 3196 Scrip-

158 3223 268 3281 turam
283 3215 414 3280 Sacram
428 3213 553 3279 institui
568 3213 700 3278 solent.”
722 3211 854 3277 Praefat.
871 3233 903 3298 p.
916 3211 1036 3277 xi-xiii.

193 3462 209 3492 0
226 3450 383 3501 Colladonem
400 3460 497 3500 tantum
509 3448 602 3498 Codicis
617 3447 697 3497 orani
728 3463 783 3496 cum
790 3447 855 3498 istud
867 3448 1043 3512 Spinoaismum
1055 3447 1160 3497 rsdoim
1168 3447 1266 3496 dernon-

161 3517 305 3565 Pnrisiensis
325 3517 355 3564 d.
377 3516 423 3564 Vir
443 3514 509 3578 operi
535 3529 580 3562 suo
604 3513 695 3562 inserit.
729 3523 797 3562 strat.

159 3581 303 3644 Suspicatus·
314 3591 340 3630 et
354 3580 540 3630 adulteratores
559 3578 583 3626 S.
592 3577 697 3626 Jocmris
762 3589 777 3628 ν
794 3578 848 3626 Hoc
857 3577 1001 3642 opusculum
1011 3576 1264 3636 Pseudo-Iosnnsurn

158 3646 278 3709 mgni
305 3655 331 3694 et
353 3645 510 3694 architectum
533 3643 642 3705 urbici,
667 3652 697 3692 nt
728 3658 759 3692 ex
780 3643 850 3692 Actis
873 3643 1040 3706 Inquisin'onis
1065 3641 1229 3692 Carcassonsis
1251 3656 1266 3689 a

158 3721 269 3771 vcoetur,
284 3710 476 3774 Tcnrplsrionrm
492 3707 551 3772 (nisi
567 3707 615 3758 suis
631 3723 697 3756 unus
729 3708 889 3756 Dominicsno
899 3707 940 3756 Jo.
954 3708 1055 3758 Berroia
1069 3707 1095 3756 in
1107 3707 1216 3756 Histoire
1225 3707 1267 3754 des

159 3777 273 3840 idunquc
291 3776 417 3838 utriusque
435 3774 513 3838 operis
531 3771 626 3838 auctor)
643 3783 697 3836 post
729 3773 848 3834 Albicccs'u
862 3781 908 3822 etc.
928 3771 999 3820 Tan.
1012 3773 1034 3822 1.
1049 3789 1074 3836 p.
1084 3769 1205 3837 ²⁸³·²9⁶·
1216 3771 1266 3820 cdi·

158 3841 259 3891 initium
282 3841 333 3892 Ser.
349 3839 452 3890 xv111.
474 3839 568 3889 uixisse·
609 3839 697 3887 zscn'ri-
729 3846 829 3887 tument
841 3837 917 3886 Paris.
930 3835 1001 3901 1691.
