3172 5108
414 389 981 478 camerescensem.
1190 398 1255 469 ιιι

229 563 401 632 varietate
427 583 449 632 e
476 559 565 632 Cod.
596 559 741 634 Coislin.
779 561 815 634 J.
840 562 888 634 A.
914 564 1070 651 Cramer,
1096 565 1133 638 S.
1151 567 1191 640 Τ.
1211 569 1253 640 Ρ.

227 675 333 748 Aulae
351 677 449 748 Novi
476 675 632 770 Hospitii
651 676 867 772 Principalis,
884 703 1023 752 necnon
1046 681 1253 758 Academiae

228 792 360 864 Orator
384 791 564 863 Publicus.
616 791 758 877 Oxonii,
782 817 804 865 e
828 794 1082 894 Typogrspheo
1112 797 1254 872 Acade-

227 909 332 980 mico.
367 927 655 980 nocccxxxvm.
706 909 751 980 In
769 915 849 981 8vo.

248 1131 429 1218 Scriptores
443 1152 461 1196 e
476 1131 590 1216 quibus
603 1130 672 1196 huc
687 1130 810 1200 Catene
825 1141 976 1202 contexta
990 1143 1048 1216 est,
1065 1145 1158 1215 sunt3

149 1304 339 1364 Ammonius.
724 1307 854 1368 Joannes
871 1309 1135 1390 (chrysostomus).

149 1403 354 1477 ’Δνεπιγραφοι
724 1405 744 1462 J
745 1407 880 1486 osephus.

150 1497 353 1578 Apolinarius.
725 1501 854 1562 Irenoeus
864 1503 1028 1584 Episcopus
1036 1505 1251 1584 Lugdunensis.

150 1593 305 1655 Arsenius.
724 1597 855 1657 Isidorus
870 1598 1029 1660 Pelusiota.

150 1690 341 1750 Athanasius.
725 1693 884 1754 Maximus.

151 1787 291 1847 Basilius.
724 1789 866 1850 Nicolaus
881 1791 1038 1872 Presbyter
1052 1791 1235 1874 Ancyranus.

151 1882 389 1963 Chrysostomus.
724 1886 877 1966 Origenes.

151 1975 290 2036 Clemens
306 1977 510 2054 (Στρωμιιπῦι).
725 1981 869 2062 Prologus
883 1983 913 2042 in
929 1983 961 2043 S.
975 1983 1060 2042 Pauli
1076 1982 1236 2063 Epistolos.

151 2073 282 2153 Cyrillus
296 2073 525 2134 Alexandrinus.
724 2077 843 2138 Scholia
862 2080 969 2158 quibus
988 2080 1101 2140 nullum
1125 2100 1231 2139 nomen

151 2167 310 2249 Didymus.
764 2175 924 2254 praefigitur
933 2187 954 2234 Γ.

150 2265 323 2344 Dionysius.
724 2270 899 2330 Severianus
913 2269 1093 2330 Cabalensis.

151 2359 348 2440 Epiphanius.
724 2365 850 2425 Severus
864 2365 1077 2425 Antiochenus.

152 2457 308 2536 Euagrius.
724 2459 935 2520 Theodoretus.

151 2551 301 2612 Eusebius
315 2554 509 2614 Caesariensis.
725 2554 897 2614 Theodorus
912 2551 1125 2613 Heracleensis.

150 2647 302 2708 Eusebius
316 2649 481 2729 Episcopus
495 2649 667 2710 Emesenus.
726 2649 898 2709 Theodorus
908 2648 1073 2708 Monachus
1083 2658 1114 2708 et
1126 2647 1250 2729 Presby-

151 2743 313 2822 Gregorius
331 2744 496 2825 Episcopus
510 2745 672 2826 Nysseuus.
766 2756 820 2804 ter.
847 2744 919 2803 Cod.
935 2743 1024 2803 Coisl.

152 2839 316 2918 Gregorius
331 2839 508 2920 Theologus.
725 2841 895 2900 Theodotus
910 2839 1094 2920 Ancyrauus.

150 2935 321 3016 Hesychius
336 2937 501 3016 Presbyter.
725 2935 906 3016 Theophilus
920 2935 1148 2995 Alexandrinus.

195 3159 291 3226 Hanc
315 3160 470 3228 Catenam
493 3162 788 3249 praestantissimum
808 3159 847 3224 cl.
870 3159 975 3225 editor
995 3161 1037 3224 ab
1060 3159 1251 3224 (Ecumenio

148 3263 324 3348 abjudicat,
339 3270 437 3349 atque
454 3263 652 3350 inscriptioni
667 3263 791 3330 Codicis
807 3261 995 3328 Purisiensis
1009 3263 1105 3327 fidem
1119 3262 1250 3340 habens,

148 3365 316 3430 Andneam
338 3365 576 3451 Presbyterum,
595 3367 649 3452 (de
669 3389 732 3452 quo
752 3365 927 3444 Fabricius,
943 3365 1024 3430 Bibl.
1041 3366 1144 3430 Craec.
1160 3364 1250 3429 Tom.

149 3467 233 3531 VII.
251 3467 339 3552 791.)
363 3467 552 3554 scriptorem
574 3467 703 3533 incertae
728 3474 763 3533 et
784 3467 898 3553 patrioe
919 3473 953 3532 et
974 3467 1090 3547 aetatis,
1109 3467 1165 3532 sed
1186 3489 1251 3532 non

148 3568 273 3633 decimo
310 3569 426 3634 steculo
458 3569 626 3655 juniorem,
657 3571 726 3656 ejus
757 3579 921 3636 auctorem
952 3571 1049 3635 fuisse
1077 3569 1250 3636 existimat.

148 3669 250 3734 Aliud
264 3670 409 3735 volumen
424 3670 579 3737 Catonum
594 3671 627 3736 in
642 3671 823 3738 Catholicae
838 3672 1001 3758 Epistolas
1023 3679 1057 3738 et
1078 3672 1111 3736 in
1125 3672 1251 3757 Apoca-

147 3769 253 3854 lypsin
275 3769 527 3836 Commentarios
552 3771 686 3836 Arethse
709 3779 743 3837 et
767 3771 949 3836 (Ecumsnii
971 3771 1145 3847 continens,
1166 3770 1251 3856 quod

147 3870 197 3936 vir
212 3871 415 3938 doctissimus
429 3873 584 3960 promisit,
600 3873 716 3939 intenti
731 3880 947 3960 expectamus.

252 4100 265 4130 ¹
281 4089 363 4155 Vulgo
374 4091 489 4142 Euthalio
500 4089 609 4142 Diacono
619 4093 759 4154 attributus,
771 4091 826 4142 vide
836 4103 955 4154 nostrum,
967 4107 991 4156 p.
1004 4105 1049 4154 ι5ο
1059 4100 1084 4141 et
1095 4103 1152 4152 4²²·
