3172 5108
349 384 477 447 Mirarer
490 383 680 468 Frapmma
694 382 830 448 Patr-cca
847 382 1030 448 &amram
1182 385 1247 448 aaa

139 553 283 638 mihique
297 553 377 619 satis
399 553 442 618 sit
463 552 632 638 protulisse
651 553 684 616 in
705 552 817 637 vulgus
838 573 909 636 quae
931 551 1157 634 Augustinum,
1173 573 1245 618 mec

140 656 272 740 quidem
294 654 471 734 Sententia,
488 655 626 742 sapiunt,
641 676 744 742 neque
767 676 788 720 a
808 654 949 722 cordatis
969 654 1054 734 viris,
1076 661 1164 742 puto,
1187 655 1244 720 im·

140 759 393 844 probabuntur?
414 781 445 844 p.
459 759 524 823 xix.

654 978 736 1050 XL.

189 1175 263 1239 Non
292 1174 585 1260 praetermittendus
613 1174 647 1237 in
679 1173 740 1238 hoo
776 1173 849 1238 albo
878 1173 1052 1239 doctissimi
1085 1174 1245 1240 Fumnsrcr

142 1277 289 1341 Murrus
302 1277 435 1357 libellus,
451 1278 541 1363 cujus
555 1275 669 1342 titulus
683 1275 731 1342 ita
746 1299 780 1342 se
794 1277 912 1352 habct;

142 1463 363 1561 Fragmenta
380 1465 528 1536 Petrum
546 1464 750 1537 Graecorum
768 1465 880 1536 edidit
901 1472 938 1536 et
959 1464 1148 1536 illustravit
1171 1463 1247 1537 Fri-

222 1582 361 1653 dericus
395 1580 555 1664 Miintcr,
583 1579 630 1650 A.
645 1580 699 1650 M.
764 1579 967 1652 Fasciculus
997 1581 1026 1650 Ι.
1091 1580 1245 1665 Hafniae‚

223 1700 333 1773 1788.
388 1696 574 1768 Sumtibus
600 1695 791 1767 Christiani
809 1695 960 1766 Gottlob
978 1695 1104 1767 Proftii
1122 1697 1247 1792 Regiae

224 1809 476 1884 Universitutis
506 1811 720 1883 Hauniensis
750 1811 971 1906 Bibliopolas.
1036 1811 1247 1884 Excudebat

223 1926 248 1998 J
249 1927 406 2000 ohannes
423 1927 623 2002 Friderious
644 1927 803 2012 Schultz,
821 1929 980 2022 ejusdem
998 1925 1247 2001 Universitatis

222 2042 485 2139 rypogspms.

472 2237 512 2302 In
526 2237 587 2302 hoc
601 2237 706 2304 libello
721 2237 922 2303 inveniuntur

146 2389 260 2452 Purra
274 2391 491 2471 Fragmentum.
1124 2391 1196 2472 Peg.
1210 2409 1245 2469 17

147 2487 181 2546 S.
196 2487 325 2548 Inuum
341 2489 516 2568 Fragmenta
530 2489 587 2548 IX.
1209 2489 1248 2547 26

146 2585 290 2644 Eusrnrr
306 2585 489 2646 Caesariensis
503 2587 644 2666 Episcopi
659 2587 877 2665 Fragmentum.
1207 2586 1247 2644 60

147 2679 323 2741 Tunouonr
339 2681 541 2761 Mopsuesteni
557 2682 696 2762 Episcopi
711 2682 887 2762 Fragmenta
899 2683 987 2742 varia.
1129 2683 1249 2760 79-146

645 2940 748 3010 XLI.

194 3107 306 3196 Neque
327 3108 412 3175 inter
436 3115 489 3174 tot
516 3109 798 3176 Monumentorum
824 3108 1118 3176 Ecclesiasticorum
1140 3109 1249 3175 collec·

148 3212 254 3276 tiones
268 3213 406 3277 tccendc
420 3219 495 3277 sunt
505 3211 663 3278 dcccdccc
678 3213 778 3277 Sacra
792 3209 930 3276 Eucnmr
948 3235 988 3275 nn
1004 3211 1099 3277 anrs
1113 3212 1147 3278 in
1161 3219 1249 3278 tomo

149 3313 303 3401 singulari
318 3321 478 3395 contenta,
494 3336 564 3400 quae
578 3315 639 3380 hac
654 3314 857 3400 inscriptione
871 3328 887 3376 t
895 3315 1054 3402 gaudent:

149 3502 342 3575 Anecdota
365 3503 473 3576 Sacra
495 3505 569 3574 sive
597 3502 771 3576 Collectio
796 3505 909 3576 omnis
934 3505 1072 3599 generis
1090 3502 1252 3597 Opuscu-

227 3617 343 3690 lorum
361 3618 538 3692 Veterum
556 3618 769 3690 Sanctorum
791 3619 949 3703 Pctmm,
968 3617 1137 3692 Virorum
1154 3617 1253 3690 illus-

227 3735 347 3818 trium,
378 3734 513 3806 Rerum
541 3735 813 3830 liturgicarum,
842 3734 1111 3817 Historicarum
1142 3733 1253 3805 Chro-

228 3851 396 3935 niccrum,
432 3850 737 3946 Necrologiorum,
772 3859 810 3922 et
840 3850 1097 3945 Diplomatum.
1159 3848 1252 3920 Cum

226 3967 513 4038 adnotationibus
530 3965 676 4060 aliquot,
689 3967 875 4038 itineribus
892 3991 956 4062 per
973 3965 1126 4039 diversus
1140 3965 1253 4036 Pede-

227 4083 355 4153 montii
379 4083 585 4176 provincias,
608 4080 811 4178 Augustum
838 4081 1056 4167 Praetoriam,
1075 4090 1113 4154 et
1130 4079 1253 4153 Valle·

186 4295 320 4347 t'l'itulur
336 4295 411 4360 hujus
425 4295 577 4346 collectionis
593 4295 687 4346 nullutn
719 4296 765 4346 sibi
787 4297 895 4348 dicatum
922 4296 1033 4348 lubenter
1055 4295 1163 4357 excipere
1185 4292 1251 4353 dicit,

151 4362 267 4424 temporis
278 4369 362 4411 notam
372 4361 455 4411 lectori
465 4360 544 4410 offert.
578 4361 600 4408 E
619 4361 687 4410 'stola
720 4361 805 4410 Roma
824 4363 882 4410 deta
898 4361 946 4411 suit
969 4361 1045 4425 pridie
1065 4374 1142 4409 nonas
1157 4357 1252 4410 sextiles

151 4435 244 4486 entem,
262 4441 310 4489 qur
330 4426 390 4476 Pius
411 4426 478 4490 Papa
491 4426 538 4476 Vl.
556 4439 582 4476 se
606 4426 687 4476 ibrum
722 4439 915 4476 unocnxxxrx.
