3172 5108
280 412 436 478 Bondinii
452 412 569 475 Groecoe
582 409 726 475 Eoolosioe
748 409 854 474 Vetera
869 409 1076 474 Mmtumento.
1174 409 1238 478 189

1177 579 1198 626 P
1231 613 1237 627 .

134 666 247 724 Minor
263 664 402 723 Anrrnrr
417 663 544 723 Auuxrr
567 662 736 721 Annurrnr
759 661 910 741 Epistola,
926 661 1090 733 Orationes,
1106 673 1136 720 et
1198 595 1230 642 ¹¹8

175 763 232 822 ulia
245 763 358 842 optima
371 774 517 842 excerpta.
1176 778 1235 837 497

133 859 288 918 Monitum
304 860 491 940 Typographi
506 859 543 918 ad
556 860 702 918 Lectores.
1177 871 1234 932 521

134 955 347 1014 Osservazione
366 956 396 1015 di
411 978 450 1015 ou
465 956 603 1016 Anonimo
622 966 724 1014 contro
744 953 764 1012 il
787 953 820 1010 P.
836 952 985 1012 Girolemo
1007 952 1136 1012 Sarouo-

176 1051 247 1121 rola,
262 1074 322 1110 non
336 1053 418 1113 Note
433 1053 462 1111 in
477 1055 576 1112 favore
592 1053 619 1112 di
635 1073 707 1111 esso.
1165 1051 1236 1111 ibid.

134 1151 229 1229 Copia
242 1149 291 1208 (lel
306 1150 446 1210 Processu
461 1150 623 1210 Autentico
637 1161 738 1208 contro
752 1147 774 1206 il
790 1148 825 1207 P.
842 1147 1025 1206 savonarola.
1176 1163 1237 1225 529

135 1247 219 1306 Note
232 1259 334 1306 contro
348 1248 431 1307 detto
447 1249 595 1306 Processu.
1165 1245 1236 1304 ibid.

134 1344 168 1400 J.
183 1344 224 1402 D.
240 1343 280 1402 A.
296 1345 395 1403 blansi
411 1344 610 1404 Praemouitio.
1177 1343 1237 1418 566

136 1441 167 1499 V
168 1441 210 1500 itu
224 1442 262 1499 Β.
276 1442 399 1500 Joannis
414 1441 592 1500 Columbini.
1164 1439 1236 1498 ibid.

135 1539 370 1598 constitutiones
389 1537 630 1616 congregationis
651 1537 817 1616 Pauperum
838 1536 889 1613 qui
911 1535 1069 1614 vulgariter
1084 1536 1135 1596 Je-

177 1635 256 1693 suoti
269 1645 485 1715 nuncupantur.
1177 1649 1233 1710 571

134 1731 167 1788 J.
183 1731 221 1788 D.
236 1729 275 1788 Α.
291 1732 337 1789 Μ.
353 1731 548 1790 Prremonitio.
1178 1731 1235 1808 583

136 1825 281 1906 Epistola
301 1827 781 1896 PP.Pssonnn1sll.Gur.ssrr,
802 1829 954 1897 Cnmxnr,
976 1829 1134 1894 Hononrr,
1205 1841 1206 1844 ’

179 1925 386 1991 lunocnnurn
402 1927 508 1996 Lucri,
529 1927 686 1992 Euounn,
706 1925 893 1996 Annssnsrr,
916 1926 953 1985 ad
973 1927 1136 1984 Canouioos

179 2021 341 2101 Regulares
364 2023 537 2082 Monasterii
561 2023 594 2082 S.
610 2021 761 2100 Frigdiani
784 2023 942 2093 Lucensis;
964 2034 994 2082 et
1015 2023 1135 2082 oliorum

177 2117 216 2177 sd
229 2118 311 2177 alios.
1178 2122 1234 2196 583

136 2215 297 2292 Appendix
314 2215 513 2295 Epistularum
526 2216 563 2274 ab
576 2216 729 2294 Episcopis
743 2216 833 2274 variis
847 2218 1027 2294 scriptarum,
1039 2237 1055 2276 e
1070 2216 1135 2274 Pri.

177 2312 350 2390 vilegiorum
365 2313 419 2371 &o
434 2311 471 2370 sd
484 2311 611 2372 eosdem.
1178 2331 1236 2391 597

136 2409 333 2468 Monuments
346 2409 425 2468 veria
437 2429 474 2468 ex
489 2409 629 2468 Ambivio
645 2409 817 2468 Monosterii
833 2408 894 2466 ΡΡ.
910 2408 1135 2468 Praedieatorum

179 2505 210 2563 S.
226 2505 352 2564 Romani
374 2506 520 2575 busensis,
543 2515 626 2564 eruta
648 2505 684 2564 ab
706 2504 821 2564 erudito
845 2505 879 2562 P.
896 2504 1045 2564 Friderico
1064 2505 1137 2563 Vin.

177 2603 276 2662 sentio
288 2602 325 2662 de
339 2603 434 2662 Podio
447 2623 513 2664 oum
528 2603 589 2663 suis
602 2602 837 2662 adnotationibus
851 2602 1031 2681 opportunis.
1178 2605 1237 2660 600

612 2825 761 2897 XXXI.

182 2999 359 3083 Pergamus
373 2997 416 3062 ad
431 2995 901 3060 ol.Anom1Mnn1anno1nn
916 2994 1133 3058 oolleotiouem
1142 2995 1238 3060 titulo

139 3102 259 3166 Groeooe
272 3099 416 3164 Ecclesia
430 3107 563 3162 veternos
576 3098 838 3161 Moomuoutormu
851 3119 888 3162 eo
898 3096 1083 3162 Bibliotheca
1097 3099 1239 3164 Modura

137 3203 334 3287 inscriptam,
364 3200 468 3266 tribus
494 3201 602 3264 Tomis
627 3199 660 3263 in
686 3203 756 3264 8vo.
778 3201 1047 3285 comprehensam,
1072 3223 1167 3288 quam
1197 3203 1239 3267 ud

137 3325 269 3370 manum
280 3304 393 3370 habeo.
439 3302 567 3367 Primus
581 3309 687 3367 toruus
701 3302 762 3366 hoo
776 3301 871 3366 titulo
885 3303 1021 3388 gaudet:

134 3491 371 3563 Ἰουστινιανοῦ
388 3497 450 3562 τοῦ
465 3487 618 3583 μεγάλου
631 3489 802 3564 Βασιλέως
818 3491 871 3560 καὶ
888 3489 1048 3566 Boeotiae
1064 3501 1122 3575 τῆς·
1133 3492 1241 3564 Βασι-

213 3607 304 3681 >illos
333 3608 420 3703 ἔργα
450 3603 496 3677 τὰ
524 3605 691 3676 ἀνέκδοτα.
753 3605 965 3678 Jusrrumru
995 3607 1126 3702 Magni,
1148 3608 1239 3701 Imp.

214 3733 253 3794 et
287 3723 465 3796 Euuocuu
499 3721 672 3817 Auguste
703 3721 823 3816 Opera
848 3725 1011 3814 quaedam
1053 3722 1242 3794 Aneodoto

215 3861 309 3910 nuuc
334 3841 488 3933 primum
519 3863 565 3909 ex
592 3837 703 3909 MSS.
726 3837 837 3908 Codd.
862 3837 1096 3910 Bibliothecae
1123 3837 1242 3910 Medi·

215 3977 290 4027 oeae
314 3955 441 4027 Graeee
467 3965 505 4027 et
531 3955 659 4025 Latine
689 3956 726 4024 in
751 3954 869 4026 lucem
895 3957 1072 4049 prodeunt
1097 3979 1182 4026 eura
1204 3963 1242 4025 et

215 4073 333 4142 studio
359 4070 454 4166 Aug.
482 4071 575 4140 Mar.
595 4070 760 4142 Bandiuii
788 4071 885 4142 Juris
910 4073 1057 4163 utriusq.
1077 4070 1242 4142 Dootoris

217 4185 456 4259 Saerosauotae
500 4187 604 4258 Laur.
634 4187 796 4258 Basilioae
834 4186 1004 4259 Cenouioi
1039 4187 1241 4278 ibidemque

216 4300 253 4372 S.
280 4301 320 4373 O.
348 4302 402 4372 Μ.
447 4303 538 4398 Regi
573 4303 851 4374 Bibliotbeearii.
888 4303 1099 4374 *Florentiae
1136 4302 1241 4396 Typis

156 4467 159 4472 -
216 4415 366 4494 caesans
382 4439 609 4493 cmmccuxrr.
662 4419 891 4513 Superiorum
908 4420 1090 4511 permissu.
