3172 5108
400 429 530 494 mana
543 437 571 492 a
584 429 693 493 aaa
707 421 916 522 Muenna.

149 681 327 742 Hauonrrso
342 680 490 761 Episcopo
511 681 640 740 Ostiensi
661 701 715 760 pro
736 681 931 741 conservanda
952 700 1021 760 pace
1044 701 1110 740 cum

149 777 327 859 Nimphanis
341 788 371 837 et
385 778 499 838 Sitinis.

108 877 281 936 Anrnorasr
297 875 388 954 Regis
402 875 536 934 Castellae
551 875 686 954 Epistola
699 876 737 935 ad
754 877 924 955 Philippum
939 876 1109 955 Augustum

151 973 331 1032 Francorum
347 972 467 1052 Regem,
478 991 536 1050 qua
546 973 583 1030 ab
594 993 629 1031 eo
643 973 718 1052 petit
732 973 874 1032 auxilium
889 973 1027 1032 adversus
1041 973 1109 1032 Sar-

149 1089 280 1130 racenos.
1171 1089 1208 1148 93

110 1165 298 1225 Eaauaarcr
315 1165 358 1224 11.
374 1165 564 1244 Imperatoris
578 1176 608 1224 et
624 1165 713 1245 Regis
726 1166 835 1226 Sicilia
849 1167 991 1252 Epistola
1006 1186 1110 1226 novem

149 1263 186 1322 ad
201 1263 338 1322 diversos.
1141 1263 1210 1322 ibid.

108 1360 220 1418 Charta
231 1359 267 1416 M
270 1362 422 1418 rcaarims
432 1358 570 1439 Episcopi
580 1359 802 1440 Andegavensis
811 1382 865 1441 pro
875 1361 1006 1420 Ecclesia
1015 1363 1044 1420 S.
1053 1361 1074 1419 J
1076 1381 1110 1419 u.

150 1456 222 1514 linui
236 1453 426 1514 Turonensis.
1171 1473 1211 1532 99

109 1553 254 1612 Harsarcr
279 1551 369 1629 Regis
391 1549 662 1630 Hierosolymitaui,
676 1553 727 1630 qui
752 1553 900 1612 Frederici
918 1553 961 1612 II.
981 1553 1057 1630 Imp.
1079 1563 1110 1612 et

152 1649 284 1709 Isabellae
298 1647 432 1727 Anglicae
446 1648 523 1707 filius
536 1649 604 1720 fuit,
619 1649 755 1730 Epistola
768 1651 806 1709 ad
821 1649 984 1709 Hearicum
999 1651 1111 1728 Regem

150 1747 316 1826 Anglorum
331 1755 468 1826 patruum
483 1765 578 1805 suum.
1155 1765 1211 1805 roo

109 1844 233 1902 Littera
248 1843 406 1901 Luoovrcr
423 1841 480 1900 IX.
496 1841 532 1901 de
546 1842 719 1902 fundatione
734 1842 872 1902 Ecclesia
887 1843 1040 1901 Damiatae.
1142 1843 1211 1903 ibid.

110 1937 252 2017 Ejusdem
271 1938 426 1996 Luoovrcr
449 1937 571 1996 Littera.
591 1935 628 1997 de
648 1939 789 2017 pensione
810 1958 944 1998 concessa
963 1938 1111 2018 Episcopo

151 2035 336 2095 Damiatano.
1139 2035 1210 2096 ibid.

110 2131 268 2203 Quoddam
283 2132 433 2211 Scriptum
455 2132 491 2191 de
512 2133 662 2192 vacatione
683 2133 822 2192 Ecclesiae
841 2133 1065 2205 Suessioneusis,
1080 2144 1111 2194 et

153 2229 346 2288 decollatione
359 2230 577 2308 prebendarum
592 2241 722 2309 tempore
736 2230 885 2308 regalium.
1155 2249 1207 2288 101

110 2327 233 2386 Littera
248 2325 362 2385 Decani
376 2337 407 2386 et
423 2325 552 2406 Capituli
568 2325 788 2386 Cenomanensis
803 2327 839 2386 de
853 2327 980 2405 peteuda
993 2327 1111 2386 licentia

150 2425 289 2503 eligendi.
1138 2423 1210 2483 ibid.

112 2520 248 2601 Epistola
265 2521 394 2600 Capitoli
412 2521 555 2580 Valentini
576 2520 612 2579 ad
626 2519 869 2601 Archiepiscopos
888 2521 1109 2580 Narbonensem

150 2631 182 2678 et
195 2618 407 2678 Arelatensern.
1139 2618 1210 2678 ibid.

110 2717 333 2776 Testamentum
352 2716 531 2775 Mannum
548 2736 588 2774 aa
602 2719 762 2775 Coanrmo
783 2715 922 2795 Episcopi
944 2715 1110 2775 Cadurcen-

150 2833 201 2872 srs.
1154 2831 1208 2869 roa

110 2909 161 2968 Ex
175 2904 268 2969 veteri
282 2909 396 2969 Sebeda
409 2910 610 2969 Lemovicensi
625 2909 693 2967 MS.
1154 2927 1208 2983 103

110 3006 250 3087 Epistola
264 3007 398 3066 Surorus
419 3007 586 3085 Presbyteri
605 3003 766 3064 Cardinalis
779 3003 860 3063 titali
882 3005 911 3063 S.
928 3003 1059 3063 Balbine
1079 3004 1117 3063 ad

151 3114 328 3162 conventum
344 3103 572 3162 Cluniacensem.
1153 3120 1210 3176 104

109 3199 233 3258 Litterae
249 3199 404 3258 Parmam
421 3199 568 3258 Puaoaar
584 3197 763 3258 Francorum
779 3195 869 3274 Regis
883 3196 919 3256 de
933 3197 1110 3257 sublevanda

149 3297 250 3376 inopia
264 3297 401 3356 Matthaei
415 3295 556 3375 Episcopi
571 3295 789 3356 Dunkeldensis
801 3295 831 3352 in
847 3293 954 3353 Scotia.
1137 3295 1208 3355 ibid.

111 3393 295 3451 lllararanur
311 3393 400 3472 Regia
415 3391 521 3451 Sicilia
536 3391 670 3469 Epistola
684 3402 752 3451 tres.
1137 3393 1208 3452 ibid.

110 3489 233 3549 Litterae
247 3490 368 3548 AEarorr
380 3489 599 3568 Arcbiepiscopi
612 3489 811 3547 Narbonensis
825 3499 855 3548 et
869 3489 1115 3568 suffraganeorum

149 3587 215 3664 ejus
229 3586 266 3645 de
280 3585 492 3646 consecratione
513 3584 594 3645 Petri
609 3585 646 3643 de
660 3586 817 3664 Rupeforti
836 3587 976 3668 Episcopi
997 3589 1115 3646 Carcas-

150 3683 290 3744 sonensis.
1152 3701 1206 3759 105

109 3781 265 3840 Asnaum
280 3781 473 3838 Casoosrrars
487 3777 707 3856 Archiepiscopi
725 3777 947 3838 Tarraconensis
965 3779 1107 3859 Epistola

147 3878 216 3936 duoe
230 3877 267 3936 de
282 3877 446 3936 Sarracenis
460 3877 496 3934 ab
511 3877 654 3954 Hispania
668 3875 819 3954 pellendis.
1152 3878 1208 3936 106

110 3974 278 4032 Banournr
293 3989 334 4032 ua
355 3973 583 4032 Luxarrauaao
606 3972 827 4052 Archiepiscopi
850 3973 1036 4033 Treverensis
1057 3973 1106 4033 lit·

146 4082 219 4129 terre
234 4069 270 4128 de
281 4069 526 4128 confoederatione
536 4069 612 4128 facta
626 4088 692 4128 cum
707 4069 846 4149 Philippo
857 4069 913 4129 Vl.
929 4071 1107 4130 Francorum

149 4168 243 4246 Rege.
1151 4182 1205 4240 107

107 4265 330 4324 Testamentum
347 4263 514 4322 Eunaeum
537 4281 579 4322 aa
603 4263 696 4322 Rura
720 4266 866 4324 Cannam
886 4263 1106 4344 Archiepiscopi

149 4360 353 4420 Bituricensis.
1137 4357 1207 4416 ibid.

109 4455 247 4538 Epistola
260 4457 356 4516 Lucra
372 4456 506 4516 Conocrr
522 4457 686 4516 Senonum
702 4457 739 4516 ad
752 4457 908 4516 Nicolaum
923 4457 960 4517 de
974 4457 1114 4516 Auximo.
1151 4455 1206 4513 108
1325 4521 1329 4530 ,

639 4571 694 4611 Nn
