3192 5112
504 380 656 448 W
674 381 881 469 Sprbilocim

143 601 331 661 Bausnrcur
355 601 446 662 XIII.
469 601 604 682 Epistola
627 603 665 663 ad
685 604 800 664 Ducem
825 603 1047 674 Bituriceusem,
1069 625 1138 664 con.
1180 537 1239 602 P*

183 700 281 758 tinent
295 699 424 777 ejusdem
439 695 603 779 Epistolam
616 701 653 760 ad
668 701 804 760 Carolum
820 699 994 760 Francorum
1011 699 1132 780 Regem.
1181 718 1239 779 794

141 797 244 856 Prima
258 797 427 878 Appellatio
442 798 601 858 Academia
616 799 794 860 Porisismie
808 821 825 858 a
839 799 1000 859 Benedicto
1015 799 1106 858 XIII.
1180 816 1236 878 795

143 895 323 954 Cascellorii
344 896 433 975 Regis
453 899 628 957 Francorum
650 897 754 957 Oratio
774 897 872 957 hahita
897 897 929 955 in
949 897 1090 965 Consilio,
1103 906 1137 956 ut

183 991 360 1053 Obedientia
382 993 544 1054 Benedicta
563 993 655 1054 XIII.
674 995 871 1062 subtrahetur,
893 993 986 1054 donec
1007 993 1138 1055 Cessioni

182 1091 354 1150 consentiat
1180 1091 1237 1168 798

143 1187 347 1247 Cardinolium
364 1186 498 1268 Epistola
511 1187 548 1246 ad
562 1185 699 1246 Carolum
709 1187 768 1246 VI.
1179 1207 1237 1265 799

141 1285 236 1363 Regia
258 1295 289 1344 et
312 1285 523 1344 Avunculoram
547 1287 611 1363 ejas
631 1284 738 1342 Literae
761 1283 877 1363 publice
900 1285 931 1344 in
952 1285 1137 1344 Parlameuto

182 1381 293 1451 heta,
307 1383 413 1461 quibua
435 1381 507 1462 qnid
521 1380 748 1442 Substractionis
763 1381 907 1462 Tempore
923 1383 1067 1462 gendum
1088 1382 1135 1452 sit,

183 1479 358 1540 decernitur.
1166 1479 1237 1539 ibid.

140 1575 331 1636 Baunnrorr
346 1577 440 1636 XIII.
455 1575 591 1656 Epistola
604 1575 641 1634 ad
656 1574 793 1634 Carolum
808 1575 942 1656 Regem.
1178 1579 1236 1637 800

141 1673 302 1734 Concilium
318 1675 455 1734 Ecclesiae
476 1675 634 1734 Gallicana
660 1673 764 1732 statuit
785 1672 857 1750 quid
884 1693 951 1752 erga
972 1674 1136 1756 Exemptos

182 1772 358 1832 servandum
373 1773 412 1834 sit
426 1773 571 1852 Tempore
586 1771 822 1830 Substractionis.
1166 1772 1235 1832 ibid.

139 1869 267 1929 Csnonr
292 1870 383 1948 Regis
411 1870 589 1930 Francorum
617 1867 753 1948 Epistola
779 1867 816 1926 ad
841 1867 1009 1930 Cardinales
1034 1869 1135 1930 Βοιιιω

180 1978 338 2032 morantes.
353 1978 419 2046 post
433 1967 559 2026 Mortem
575 1965 720 2024 Boniiacii
735 1964 834 2044 Papa.
1176 1969 1231 2027 8οι

139 2061 338 2124 Ιιιιιοοιιιιιιι
354 2064 441 2144 Papae
456 2063 589 2144 Epistola
602 2063 639 2122 ad
653 2061 840 2122 Academiam
856 2062 1059 2126 Parisiensem.
1164 2065 1235 2126 ibid.

139 2163 268 2220 Canonr
284 2161 372 2240 Regis
387 2159 563 2220 Francorum
580 2158 715 2240 Epistola
728 2158 764 2220 ad
779 2159 953 2240 Gregorium
969 2161 1087 2242 Papam.
1176 2163 1234 2239 803

139 2259 282 2340 Ejusdem
297 2257 388 2316 altera
401 2256 438 2316 ad
452 2253 596 2317 eumdem.
1164 2261 1235 2321 ibid.

140 2357 328 2416 Baunnrcm
343 2355 436 2414 XIII.
458 2354 546 2414 Bulla
566 2365 668 2414 contra
682 2354 792 2433 Regem
808 2354 997 2424 Francorum,
1013 2367 1043 2416 et
1063 2357 1135 2420 alios

181 2475 198 2514 a
212 2475 266 2514 sua
280 2453 454 2513 Obedientia
467 2451 643 2512 recedentes.
1165 2455 1234 2515 ibid.

140 2553 277 2630 Ejusdem
291 2549 381 2610 altera
396 2548 483 2608 Bulla
496 2549 527 2606 in
542 2548 667 2608 eosdem.
1176 2555 1232 2630 805

140 2648 280 2730 Epistola
313 2647 464 2726 utriusque
492 2645 615 2725 Collegii
646 2645 845 2706 Cordinolium
879 2646 916 2706 ad
945 2645 1135 2710 Academiam

183 2743 386 2812 Pariaiensem,
414 2745 497 2803 aliam
534 2745 659 2826 quadem
694 2743 730 2802 ad
758 2744 894 2804 Carolum
924 2744 1035 2824 Regem
1066 2768 1135 2807 con-

180 2839 287 2898 tinens.
1173 2844 1232 2902 806

139 2937 249 2998 Literae
264 2937 471 2998 Neutralitatis
487 2935 686 2997 Cordinclium
700 2939 751 3016 qui
766 2937 909 3016 Gregorio
921 2937 1110 3000 adheserant.
1176 2943 1233 3018 807

141 3035 266 3094 Cannar
282 3035 372 3114 Regis
387 3034 521 3114 Epistola
534 3033 571 3092 ad
586 3033 697 3114 Regem
712 3033 891 3114 Aragonum.
1176 3041 1234 3100 808

143 3132 345 3192 Cordinoliom
359 3132 410 3211 qui
425 3131 586 3190 Benedicto
598 3131 777 3192 adheserant
791 3132 926 3212 Epistola
940 3133 976 3194 ad
989 3135 1134 3206 eamdam,

180 3232 289 3308 quibus
303 3251 369 3290 eum
384 3229 420 3289 ad
434 3229 597 3288 Concilium
613 3230 751 3288 Pisanum
766 3243 880 3291 vocant.
1175 3237 1235 3314 809

141 3327 322 3388 Eorumdem
347 3329 454 3388 Literte
482 3327 518 3386 ad
542 3328 692 3388 universos
716 3329 865 3398 Praelatos,
890 3331 996 3410 quibua
1023 3353 1073 3392 eos
1099 3333 1136 3394 ad

181 3423 346 3484 Consilium
364 3423 501 3483 Pisanum
516 3434 685 3484 convocant.
1175 3433 1230 3490 8ιι

144 3519 346 3581 Cordinolium
380 3521 430 3599 qui
468 3518 612 3580 Benedict
666 3521 856 3590 adheserant.
886 3523 1021 3604 Epistola
1055 3525 1092 3584 ad

180 3618 326 3678 eumdem.
1175 3626 1233 3684 818

140 3717 326 3774 Bnusnrcrr
342 3713 512 3796 Responsio.
1175 3725 1232 3783 800

140 3813 309 3873 Declaratio
323 3811 443 3872 Consilii
453 3813 587 3874 Ecclesia
601 3813 758 3876 Gallicane
770 3828 871 3876 contra
884 3829 977 3878 certos
989 3817 1131 3881 Fautores

181 3907 345 3970 Benedicti.
1174 3919 1230 3978 800

140 4007 281 4068 Narratio
295 4007 331 4068 de
346 4009 478 4068 Concilio
493 4009 608 4069 Pisano.
1173 4019 1229 4096 ⁸2³

139 4106 188 4166 De
203 4107 305 4166 Morte
318 4105 480 4165 Alexandri
495 4105 591 4188 Papae,
607 4119 637 4168 et
652 4107 805 4170 Electione
820 4111 942 4172 Joannis
956 4112 1062 4172 XXII.
1173 4116 1231 4187 827

139 4203 304 4262 Concilium
320 4201 469 4263 Pisanum.
1138 4279 1139 4283 ,
1173 4213 1231 4271 808

140 4299 268 4361 Indictio
283 4299 406 4361 Concilii
423 4301 612 4362 Prouincialis
628 4302 787 4364 Provincia
802 4307 961 4366 Remensis.
1173 4309 1230 4368 860
