3192 5112
340 387 382 455 w
618 385 709 450 Pcaii
736 383 904 448 rocam
925 383 1154 464 Anccdotcram.

341 539 400 602 cup.
411 604 529 662 Gabriel
559 605 722 684 Episcopus
752 603 871 671 Hesnoe,
899 615 929 663 et
959 602 1040 662 Elias
1070 601 1246 664 Potriarcha.

484 703 517 758 Α.
530 703 563 759 C.
582 719 668 776 1590·
695 715 780 776 1500.

340 799 389 858 62.
411 797 559 876 Josephus
574 797 616 855 11.
632 796 809 864 Patrisrcha‚
824 798 1009 871 A.0.‚1693.

339 897 389 970 63.
412 887 576 974 Scriptores
590 894 707 952 incertae
723 894 826 952 etatis.
978 883 981 888 Δ

412 992 538 1049 Omarus
553 990 746 1049 Bassorensis.

412 1089 540 1146 Joannes
555 1087 760 1156 scholasticus,
774 1088 824 1164 qui
839 1098 870 1146 et
887 1086 1077 1166 Philoponm,
1093 1085 1312 1164 lllonoplrysits.

412 1185 508 1251 Jehis,
534 1203 584 1242 seu
611 1184 741 1242 Joannes
763 1183 863 1242 Hariri
886 1183 1067 1260 Tagritensis
1091 1182 1177 1246 lilius,
1200 1201 1305 1258 cogno-

462 1293 562 1341 mento
577 1273 796 1348 Abul-Nssrus,
811 1280 832 1338 J
833 1280 954 1339 scobita.

412 1379 584 1439 Theodorus
599 1379 735 1438 Abucara
750 1379 914 1457 Episcopus
930 1377 1041 1435 Horon.

412 1477 546 1536 Andreas
561 1475 738 1534 Edessenus.

355 1589 356 1592 ’
414 1575 495 1632 Elias
510 1573 677 1632 Edessenus
692 1573 866 1652 Episcopus.
1377 1572 1437 1628 610

412 1671 558 1730 Abraham
576 1669 767 1728 Bassorensis.
1378 1668 1437 1724 610

413 1768 583 1826 Abuleazus
597 1765 704 1824 Chedri
720 1764 807 1831 filius,
824 1765 989 1844 Presbyter.
1377 1764 1437 1822 610

414 1863 588 1922 patriarcha
597 1861 799 1920 Chaldaeorum
812 1881 863 1919 seu
878 1861 1130 1927 Nestorisnorum,
1143 1881 1159 1918 a
1174 1861 1204 1919 S.
1212 1861 1325 1920 Tlrnma

464 1959 608 2038 Apostolo
622 1957 658 2016 ad
672 1967 842 2036 proesentem
859 1977 950 2034 usque
964 1957 1051 2016 diem.
1167 2029 1172 2040 ⁸
1377 1959 1434 2014 611

414 2056 588 2114 Patriarchae
602 2053 803 2112 Chaldaeorum
819 2053 921 2112 ordine
935 2054 1139 2132 Alphabetico.
1377 2055 1437 2130 624

413 2153 507 2212 ludex
521 2152 656 2231 Syriacus
667 2149 878 2228 Alphabeticus
890 2150 1122 2210 Patriarcharum
1133 2149 1344 2208 Chaldaeorum.
1377 2154 1436 2226 627

413 2249 536 2308 Codices
549 2247 736 2325 manuscripti
753 2246 875 2326 Syriaci,
887 2247 1013 2326 Coptici,
1025 2247 1154 2312 Arabici,
1169 2259 1198 2304 et
1214 2247 1318 2306 Arme-

463 2345 520 2403 nici
543 2345 621 2424 typis
643 2343 785 2422 impressi,
803 2342 839 2400 ad
861 2342 976 2402 Sacram
998 2343 1257 2420 congregationem
1280 2343 1316 2402 de

463 2440 653 2521 Propagands
668 2440 742 2498 Fide
756 2460 792 2498 ex
808 2439 930 2500 Oriente
943 2442 1114 2508 transmissi,
1128 2441 1316 2519 ejusdemque

463 2541 591 2599 Decreto
604 2539 635 2596 in
650 2537 861 2596 Bibliothecam
873 2538 1045 2596 Vaticanum
1062 2537 1145 2595 illati.
1377 2541 1436 2616 635

414 2637 508 2696 Index
523 2637 643 2695 Rerum.
1377 2637 1439 2711 656

341 2835 571 2906 Bibliothecae
609 2831 801 2903 Orientalis
840 2842 986 2924 quartus
1027 2834 1167 2916 Tomos,
1212 2833 1301 2922 (sive
1334 2833 1438 2902 Tomi

415 2951 511 3020 tertii
536 2947 621 3018 Pars
649 2947 814 3017 Secunda
840 2947 884 3018 de
911 2948 1007 3042 Syris
1032 2948 1280 3040 Nestorianis,)
1299 2949 1438 3031 Romae,

414 3088 505 3136 anuo
536 3083 766 3133 umccxxvru.
801 3065 838 3134 in
878 3062 996 3134 lucem
1035 3066 1160 3146 editus,
1197 3065 1438 3135 doctissimam

415 3191 522 3271 atque
555 3178 806 3270 amplissimam
841 3177 1029 3250 Asscmani
1061 3179 1358 3251 Dissertationem
1392 3182 1437 3250 de

417 3295 513 3385 Syris
531 3292 753 3362 Nestorianis
771 3295 940 3364 continet.

856 3508 925 3578 VI.

385 3675 476 3738 Nunc
505 3673 548 3738 ad
576 3672 763 3737 Thesaurcm
791 3671 1010 3736 Anecdotomm
1038 3674 1242 3738 Nooissimcm
1274 3675 1438 3738 Banasam

343 3779 417 3854 Pac,
441 3776 637 3842 Benedictini
663 3781 697 3839 et
722 3773 960 3838 Bibliothecarii
983 3775 1185 3854 Mullicensis,
1207 3777 1437 3863 progredimur.

344 3878 414 3944 Istc
439 3877 590 3956 collectio,
607 3899 663 3942 sex
688 3877 812 3962 magnis
831 3876 926 3940 tomis
948 3877 981 3940 iu
1005 3876 1080 3940 folio
1102 3877 1262 3957 distincta,
1279 3881 1437 3966 Augustus

342 3979 578 4044 Vindelicorum
596 3986 629 4044 et
645 3978 760 4044 Graeeii
778 3977 811 4042 in
825 3978 927 4042 lucem
941 3977 1070 4064 prodiit.
1117 3979 1216 4044 Primi
1238 3981 1338 4060 Tomi,
1354 4003 1438 4048 suno

342 4105 486 4146 noccxxr.
502 4081 589 4160 editi,
606 4081 718 4146 titulus
733 4079 780 4145 its
794 4103 828 4144 se
842 4079 960 4146 habet:

341 4261 539 4332 Thesamus
573 4259 841 4332 Auecdotorum
879 4259 1121 4334 Novissimus:
1166 4285 1229 4334 seu
1260 4262 1439 4336 Veterum

418 4377 745 4457 Monumeutorum,
788 4377 965 4468 praecipuc
1009 4377 1348 4460 Ecclesiasticorum‚
1391 4361 1439 4449 cx
