3164 5104
354 379 697 478 reseratione
712 413 934 480 samace.
1161 417 1224 480 raa

163 580 270 662 Quum
297 581 454 646 Sciriam
474 577 699 668 deliquerim
723 581 876 645 Damnare
897 582 1030 660 (tunnas,
1053 583 1144 668 eujus
1169 584 1222 647 lu-

115 681 225 748 dicem
240 683 423 748 doctissimo
441 683 553 757 amieo,
569 683 593 746 J
594 682 695 750 acobo
710 681 755 747 H.
766 682 867 761 Todd,
884 684 1093 761 Dubliniensi,
1110 685 1220 760 debeo,

115 785 164 848 ad
178 784 347 850 historiam
359 784 615 851 Ecclesiastioam
629 784 837 852 recentiorem
852 793 979 851 tautum
993 786 1131 872 respicit,
1144 787 1222 851 nihil

115 885 183 952 nisi
203 886 332 952 titulum
351 887 539 952 describam.

117 1039 302 1111 Scrinium
335 1036 589 1131 Antiquarium
623 1040 697 1110 sive
732 1037 965 1114 Miscellanea
995 1043 1224 1138 Groningana

200 1154 306 1228 Nova
332 1155 377 1225 ad
405 1153 601 1226 Historiam
632 1155 908 1228 Reformatiouis
936 1157 1221 1230 Ecclesiasticam

198 1273 377 1365 praecipue
416 1273 622 1364 spectantia.
675 1271 884 1343 Insenmtur
916 1273 1102 1345 Tractatus
1137 1278 1222 1347 varii

198 1387 347 1480 generis,
375 1385 556 1479 Epistolae,
582 1386 781 1472 Orationes,
809 1389 1043 1483 Biographiae,
1074 1399 1112 1462 et
1142 1393 1221 1462 sim.

200 1503 283 1573 Sive
304 1525 485 1594 uunquam
507 1511 613 1574 autea
635 1504 752 1586 editae,
771 1505 844 1574 sive
869 1505 920 1575 ita
945 1505 1050 1576 factae
1076 1508 1223 1578 rariores

199 1627 241 1688 ut
275 1641 338 1711 pro
371 1618 514 1689 ineditis
546 1619 668 1690 haberi
702 1621 847 1713 possint.
906 1619 1076 1692 Fascicul.
1112 1621 1221 1694 XVI.

198 1734 415 1806 TomVlII.
433 1733 619 1828 compleat.
637 1737 673 1805 in
691 1739 765 1807 ¹lto.
783 1759 838 1805 an.
856 1757 1060 1808 Mncoxux.

616 2006 725 2078 XIX.

168 2177 359 2262 Priusquam
383 2197 405 2242 a
427 2177 594 2244 Germanis
619 2179 661 2242 ad
687 2177 789 2243 Italos
814 2185 952 2258 transeo,
973 2181 1013 2245 de
1035 2180 1224 2266 quibusdam

121 2281 194 2344 Viri
216 2279 381 2345 clarissimi
403 2280 540 2344 Joanrns
562 2280 701 2344 Ausanrr
723 2281 863 2345 Flamen
885 2282 956 2347 aliis
979 2283 1224 2350 Collectionibus

120 2388 222 2468 supra
252 2385 298 2468 (p.
325 2385 383 2466 ti)
413 2404 434 2448 a
461 2405 513 2448 me
542 2383 666 2448 omissis
700 2384 892 2448 mentionem
920 2385 1046 2450 faciam.
1098 2386 1225 2452 Titulus

120 2485 318 2552 Bibb'otleooc
331 2485 549 2551 Ecclesiastico
564 2485 762 2551 Fabricianae
785 2487 912 2553 nomina
930 2488 1070 2574 Operum
1091 2511 1130 2555 eo
1152 2511 1224 2555 con·

119 2597 288 2656 tentorum
306 2589 405 2655 oculis
422 2589 576 2655 lectorum
594 2590 705 2654 offert:

121 2776 351 2848 Bibliotheca
372 2776 628 2860 Ecclesiastiea,
646 2778 684 2848 in
707 2801 778 2870 qua
799 2779 1026 2850 continentur
1047 2780 1091 2850 de
1109 2779 1226 2873 Serip-

200 2895 336 2965 toribus
364 2893 621 2966 Ecclesiastieis
650 2893 687 2967 S.
715 2894 972 2968 Hrnaonrnrus
1001 2919 1083 2968 cum
1113 2899 1224 2968 veteri

200 3011 360 3081 versione
390 3010 515 3082 Graeoa
543 3033 650 3103 quam
679 3020 808 3084 vocant
839 3010 1038 3104 sophronii,
1064 3020 1101 3082 et
1130 3035 1225 3082 nuuc

200 3128 353 3219 primum
378 3125 530 3221 vulgatis
555 3127 710 3200 Editoris
735 3129 838 3212 uotis,
857 3127 1117 3222 Hieronymum
1143 3153 1225 3200 oum

201 3242 357 3312 Eusebio
374 3252 538 3314 accurate
555 3243 837 3315 conferentibus:
860 3244 1036 3337 adjunctis
1053 3253 1226 3338 praeterea

200 3359 491 3452 castigationibus
509 3357 652 3429 Suffridi
671 3359 769 3430 Petri
792 3369 829 3430 et
850 3359 907 3430 Jo.
923 3359 1141 3445 Maroianaei‚
1159 3383 1226 3432 neo

200 3497 273 3543 non
289 3476 436 3568 integris
454 3473 603 3557 Erasini,
622 3473 776 3545 Mariani
788 3473 951 3558 Victorii,
967 3474 1078 3546 Henr.
1094 3477 1226 3560 Gravii,

200 3588 298 3660 Aub.
318 3588 448 3672 Miraei,
467 3588 581 3658 Wilh.
604 3589 745 3660 Ernesti
766 3589 939 3660 Tentzelii
961 3599 1000 3662 et
1024 3591 1108 3662 Em.
1127 3591 1227 3662 Salo-

200 3705 316 3774 monis
333 3703 499 3796 Cypriani
517 3702 813 3774 annotationibus.
856 3700 1051 3796 Appendix
1069 3705 1114 3774 de
1128 3703 1227 3776 Vitis

202 3818 510 3914 Evangelistarum
535 3827 573 3889 et
591 3817 857 3912 Apostolorum,
877 3820 1004 3893 Graeee
1029 3829 1068 3892 et
1086 3820 1226 3893 Latine.

203 3933 395 4027 Appendix
421 3933 542 4016 altera,
573 3957 650 4026 quae
680 3935 793 4005 fertur
811 3935 888 4028 jam
914 3937 979 4008 sub
1004 3937 1111 4008 titulo
1139 3935 1228 4008 Hie-

201 4051 339 4143 ronymi
365 4051 410 4120 de
437 4048 626 4120 duodecim
648 4049 872 4134 Doctoribus,
892 4051 968 4143 jam
994 4053 1059 4124 sub
1082 4055 1227 4124 nomine

200 4159 309 4231 Bedae
327 4161 372 4231 de
391 4160 640 4232 Luminaribus
658 4161 838 4234 Ecclesiae.
883 4163 1104 4238 Gunnsmos
1123 4165 1227 4237 Mss-

200 4295 380 4360 smnrsrs,
410 4279 587 4350 annotatis
616 4277 847 4351 Lectionibus
880 4281 1011 4353 codicis
1043 4283 1224 4372 antiquiss.

200 4391 434 4486 Corbejensis,
455 4403 494 4466 et
523 4394 719 4487 subjunctis
747 4395 924 4468 variorum
953 4397 1057 4480 notis,
1081 4395 1226 4468 Suffridi
