3164 5104
392 389 525 456 Walcttt
537 389 729 454 noum
742 389 953 457 Medis'AEos'.
1153 389 1218 452 143

191 635 314 706 rellius
331 633 532 706 Csnonicns
549 633 736 730 Regularis
753 634 840 706 Ord.
859 633 896 706 S.
908 633 1101 728 Augustini
1126 635 1220 707 Con-

190 753 406 846 gregotionis
440 751 621 822 Rhencnoe
656 750 693 822 S.
716 749 908 822 Sclvstoris
937 774 1032 821 nunc
1065 753 1220 844 primum

191 867 314 949 edidit,
340 867 566 960 praefationes
592 889 634 937 nc
665 865 810 938 Scholia
835 866 980 948 addidit,
999 867 1127 939 Graecs
1154 867 1223 938 La-

192 983 268 1053 tine
294 983 459 1054 reddidit.
511 983 648 1066 Rornae,
666 1002 839 1054 rrnccnvr.
889 981 1120 1077 Superiorum
1145 1006 1225 1076 per-

192 1099 314 1167 missu.
366 1097 411 1166 In
428 1100 503 1167 ito.

487 1315 589 1381 Index
604 1316 845 1403 Opusoulornm.

114 1485 148 1546 S.
166 1486 308 1544 Pnunrnr
324 1483 507 1544 Nolanorum
522 1485 662 1564 Episcopi
677 1486 800 1546 Carmen
816 1485 874 1546 XI.
889 1487 920 1544 in
941 1487 972 1546 S.
989 1485 1127 1547 Felicem.
1162 1405 1222 1564 mr

114 1615 242 1627 -—
262 1582 387 1641 Carmen
402 1581 477 1639 XII.
492 1579 522 1638 iu
538 1580 569 1638 S.
582 1581 720 1641 Felicem.

115 1711 243 1724 —
263 1677 387 1736 Carmen
402 1675 494 1734 XIII.
508 1677 540 1734 in
555 1676 586 1736 S.
602 1676 739 1736 Felicem.

116 1775 261 1854 Anonymi
275 1775 433 1854 Scriptoris
447 1773 559 1833 Glossre
573 1793 660 1852 super
674 1773 824 1834 Exodom.

117 1873 239 1951 Regula
253 1871 363 1930 Ansmr
379 1869 415 1928 de
429 1869 517 1929 Socra
531 1869 701 1948 Theologic.

117 1969 382 2028 ‘I'rrsorrrrnscrr
399 1967 593 2046 Bnlgororum
608 1967 828 2044 Archicpiscopi
844 1967 988 2047 Epistola,
1004 1987 1056 2028 sen
1071 1968 1123 2026 Li.

159 2066 255 2126 bellus
269 2066 306 2124 de
320 2065 366 2132 iis,
381 2066 412 2123 in
426 2065 532 2143 quibus
546 2063 646 2123 Latini
660 2078 842 2123 causantur.
1165 2081 1224 2141 259

163 2267 319 2351 Anonymi
342 2266 473 2331 Glossos
502 2265 535 2328 in
565 2265 714 2328 Exodum
743 2285 827 2329 nono
853 2267 958 2330 seculo
989 2289 1058 2330 esse
1088 2267 1225 2353 scriptas

116 2369 321 2435 doctissimus
341 2368 458 2432 Editor
479 2367 652 2432 existimat.
698 2366 858 2432 Nonnulla
872 2390 912 2432 ex
927 2369 1072 2446 Rsbeno,
1089 2375 1126 2433 ut
1141 2369 1226 2433 vide-

117 2479 184 2550 tur,
209 2473 400 2556 deprompto
424 2492 504 2556 opus
535 2475 611 2534 onte
643 2468 784 2533 seculum
807 2470 895 2534 istud
918 2471 1096 2536 conlectum
1120 2471 1227 2537 existi·

119 2595 211 2638 msre
232 2580 353 2638 vetant.
399 2579 419 2608 ‘⁶
434 2568 499 2637 Gu'r
513 2571 651 2648 autem,”
666 2571 745 2636 (licit
768 2572 997 2659 Mingerellius,
1015 2581 1034 2609 “
1050 2595 1134 2638 nono
1156 2574 1227 2660 ipso

119 2675 239 2753 seculo,
255 2681 313 2739 ant
333 2675 376 2739 sd
398 2695 556 2738 summum
577 2673 690 2738 decimi
712 2673 803 2738 initio
824 2673 968 2740 floruisse
989 2675 1177 2754 oxistImom,
1193 2677 1227 2740 in

118 2797 219 2842 causa
241 2783 292 2841 est
308 2797 406 2861 quum
427 2775 567 2840 auctoris
586 2775 697 2860 stylus,
713 2782 783 2840 turn
803 2776 929 2854 codicis,
946 2799 1039 2862 quern
1053 2777 1129 2855 dixi,
1145 2778 1227 2842 onti-

120 2878 239 2963 quitos,
255 2885 325 2942 tum
347 2875 460 2942 locus¹¹
481 2877 620 2962 quidem,
636 2877 677 2941 de
697 2899 761 2962 quo
783 2899 961 2943 sermonem
984 2878 1110 2942 habebo
1132 2879 1227 2964 poulo

119 2987 205 3066 post,
221 2980 255 3044 in
276 3001 340 3065 quo
359 2979 510 3044 nonnullo
532 2979 572 3044 de
587 2979 793 3045 Eucharistio
816 2981 927 3046 scribit
942 2980 1128 3045 Glossorum
1150 2981 1225 3045 istro

119 3103 194 3145 rum
213 3097 336 3160 auctor,
352 3103 423 3166 quae
446 3087 523 3146 ente
542 3079 728 3167 Berengarii
749 3089 882 3148 aetotem
903 3082 1023 3168 scripte
1046 3104 1115 3146 esce
1138 3082 1227 3146 dubi-

120 3182 258 3247 tandum
272 3203 337 3247 non
351 3181 430 3246 est.”

597 3417 767 3493 XXVII.

169 3615 234 3683 His
248 3614 338 3680 libris
351 3614 563 3700 adjungemus
578 3613 802 3680 collectionem
816 3637 838 3681 a
852 3615 1041 3682 (lnmsrnno
1052 3619 1228 3686 Germano

124 3718 298 3784 chrsoo
313 3716 471 3780 Wsrcnro
491 3717 526 3780 io
540 3727 641 3782 cacco
660 3718 790 3796 editam,
806 3725 840 3784 et
862 3719 895 3784 in
917 3743 973 3786 sex
987 3721 1152 3788 fesciculos
1166 3724 1228 3788 dis-

121 3821 291 3896 tributam,
307 3841 378 3904 quae
392 3819 453 3884 hoo
467 3817 672 3904 inscriptione
685 3820 827 3906 gnudet;

157 4041 172 4082 k
190 4039 271 4089 Ιωιι
286 4039 318 4086 sd
334 4053 406 4100 quern
421 4037 571 4102 Mingnrellii
587 4039 662 4088 verbs
693 4043 888 4104 componeret
900 4044 1015 4106 mysterio
1025 4045 1130 4108 corporis
1139 4053 1164 4094 ct
1174 4060 1230 4094 scn-

124 4115 242 4169 spcctnnt,
254 4103 295 4152 hio
310 4112 354 4152 est.
389 4103 482 4162 “Qun
498 4119 557 4152 vero
572 4103 662 4166 inipso
693 4105 777 4168 guinis
793 4106 899 4156 Christi:
922 4107 1042 4172 flagitium
1060 4111 1126 4158 enlm
1145 4110 1230 4160 suiset

124 4169 228 4219 historin
244 4168 337 4231 lingitis
354 4169 472 4230 quadam,
492 4177 517 4218 ct
538 4183 577 4218 rss
593 4167 662 4216 inde·
694 4185 720 4218 se
738 4171 819 4233 ipsum
835 4173 949 4234 occidere,
965 4183 990 4222 ct
1004 4189 1110 4233 comem,
1121 4173 1159 4223 vel
1175 4191 1231 4223 scn-

123 4245 206 4285 oentes
223 4233 366 4288 ostendunt,
385 4233 416 4280 sd
442 4231 560 4310 spiritalis
583 4241 663 4282 trans·
694 4235 795 4298 guinem
816 4239 1021 4289 manducantibus
1037 4239 1121 4288 dore?
1160 4239 1230 4288 Ano·

124 4301 247 4350 samm.
282 4298 403 4348 Dominus
420 4312 487 4348 emm
504 4298 577 4348 dicits
602 4299 663 4346 Nus·
694 4300 763 4363 cymi
772 4299 850 4352 Gloss.
859 4302 886 4354 in
894 4303 971 4354 Exod.
980 4304 1040 4368 cop.
1048 4301 1137 4351 XXII.
1147 4317 1197 4352 rer.
1206 4317 1229 4352 s.

124 4361 621 4425 mmmmwfltttmtsof
638 4372 664 4412 ct
695 4379 816 4429 pegam.

124 4429 237 4494 ruitque:
253 4443 304 4478 non
320 4441 427 4488 mem,
438 4443 513 4491 quom
531 4429 563 4478 ds
581 4427 664 4475 Maria
