3170 5120
350 363 393 426 80
721 358 900 424 Matium&
913 361 1073 426 Ambae.

1397 534 1457 596 rag.

352 614 571 674 Testamentum
594 613 806 674 Menstruus
830 635 850 673 a
873 615 1099 675 Lornaurnom
1122 615 1220 675 uxoris
1244 617 1354 676 Renati

392 709 484 768 Ducis
498 708 534 768 de
549 709 721 782 Alenqonio.
1399 713 1459 787 850

351 807 458 866 Obitus
472 805 582 883 aliquot
597 807 726 865 Francia
741 807 865 886 Regum.
883 885 886 896 Ι
1394 811 1453 886 852

352 903 433 962 Petri
447 901 483 960 de
497 903 597 961 Marca
611 903 832 982 Archiepiscopi
848 903 986 962 Tolosaui
1004 903 1140 983 Epistola
1161 904 1198 962 R.
1208 905 1244 963 P.
1259 906 1355 964 Dom.

390 1018 460 1059 num
475 999 584 1058 Lucam
602 999 759 1079 D’Achery
774 999 952 1058 Monachum
968 1001 999 1058 S.
1010 1000 1175 1060 Benedicti.
1386 1002 1461 1062 ibid.

854 1229 944 1300 XII.

349 1417 472 1483 Eodem
505 1435 598 1492 anno,
632 1433 730 1498 opera
763 1411 904 1496 ejusdem
937 1409 1090 1488 Editoris,
1121 1409 1304 1476 Mobilbnii
1343 1413 1460 1478 Vetera

558 1515 707 1580 anama
729 1514 845 1578 itemm
867 1513 900 1576 in
921 1513 1024 1577 lucem
1045 1513 1242 1597 prodierunt.

349 1673 485 1744 Vetera
501 1669 686 1751 Analecta,
708 1669 781 1739 siva
805 1667 980 1738 Collectio
998 1666 1176 1738 Veterum
1201 1667 1339 1760 aliquot
1357 1667 1459 1760 Ope-

422 1811 501 1857 rum
536 1795 573 1857 et
608 1783 870 1876 Opusoulorum
901 1784 1015 1853 omnis
1047 1783 1196 1876 generis,
1233 1783 1457 1866 carminum,

424 1902 676 1996 Epistolarum,
692 1897 1327 1992 Diplomatum,Epitaphion1m,&c.
1360 1899 1458 1970 Cum

424 2019 557 2089 Itinere
583 2015 806 2096 Germanico,
831 2011 1135 2085 Adnotationibus
1161 2025 1199 2086 et
1222 2015 1360 2108 aliquot
1384 2017 1459 2086 dis-

423 2131 669 2228 quisitionibus
692 2130 735 2200 R.
751 2129 791 2199 Ρ.
806 2129 853 2199 D.
874 2127 898 2198 J
901 2130 1023 2200 oannis
1041 2129 1229 2216 Mabillon,
1249 2131 1457 2224 Presbyteri

422 2277 463 2324 ac
482 2249 653 2321 Monacbi
672 2246 757 2318 Ord.
776 2245 899 2317 Sancti
920 2245 1107 2316 Benedicti
1125 2271 1146 2316 e
1164 2246 1457 2340 Congrogatioue

423 2367 459 2438 S.
480 2365 611 2436 Mauri.
666 2361 772 2432 Nova
798 2360 929 2443 Editio,
955 2361 1012 2430 cui
1040 2383 1218 2432 accessere
1244 2361 1457 2432 Mabillonii

423 2481 513 2554 Vita
542 2489 580 2551 et
609 2479 744 2571 aliquot
775 2475 964 2569 Opusoula,
996 2475 1132 2546 scilicet
1162 2476 1377 2548 Dissertatio
1408 2479 1458 2549 de

423 2599 521 2668 Pane
540 2594 793 2674 Eucharistiae,
811 2590 951 2685 Azymo
969 2615 1010 2662 ao
1029 2591 1269 2676 Fermentato,
1287 2595 1335 2664 ad
1354 2595 1457 2664 Emi-

421 2713 566 2786 nentiss.
598 2707 822 2781 cardinalem
857 2706 967 2778 Bona.
1021 2707 1257 2802 Subjungitur
1286 2707 1459 2802 Opuscu.

422 2833 497 2904 lurn
533 2827 716 2900 Eldefonsi
754 2822 998 2914 Hispaniensis
1034 2821 1200 2914 Episcopi
1240 2824 1285 2893 de
1323 2826 1457 2896 eodem

422 2953 643 3042 argumento.
695 2940 744 3010 Et
776 2937 921 3008 Eusebii
951 2936 1103 3007 Romani
1138 2938 1183 3007 ad
1211 2937 1457 3031 Theophilum

422 3063 568 3136 Gallum
593 3055 762 3152 Epistola,
780 3055 826 3124 de
852 3051 962 3123 Cultu
989 3051 1200 3122 Sanctorum
1227 3053 1456 3147 Ignotorum.

423 3182 574 3263 Parisiis,
603 3176 697 3270 apud
733 3169 950 3254 Mantalant‚
980 3168 1025 3239 ad
1053 3167 1181 3260 Ripam
1214 3167 1286 3238 ΡΡ.
1306 3169 1458 3264 Augus-

421 3299 646 3376 tiniauorum‚
663 3312 773 3384 prope
791 3287 943 3358 Pontem
965 3283 1002 3356 S.
1018 3283 1216 3355 Michaelis.
1233 3305 1454 3358 unocxxm.

422 3414 515 3484 Cum
533 3409 723 3502 Privilegio
742 3404 860 3497 Regis.
904 3399 952 3472 In
963 3398 1069 3496 solio.

421 3641 581 3709 Elenohus
596 3643 819 3704 contentorum
833 3631 941 3694 inhao
955 3651 1038 3694 nova
1052 3628 1202 3694 Editioue
1218 3629 1371 3694 Veterum

777 3733 1016 3799 Analaotorum.

1390 3817 1579 3880 1²²⁸·st

344 3899 417 3960 Vita
429 3899 521 3957 Joans
571 3890 726 3952 Mabillon.

346 3995 464 4057 Itineris
479 3990 644 4053 Germanici
659 3986 834 4066 Descriptio.
1438 3999 1449 4038 ι
1578 4013 1579 4016 ,

344 4093 444 4154 Variae
458 4088 684 4152 Observationes
697 4104 735 4144 ex
748 4081 841 4140 MSS.
857 4077 1013 4138 Codicibus
1028 4075 1217 4134 Germanicis.
1417 4095 1451 4151 17
1578 4095 1579 4120 r

763 4213 853 4272 Varia
867 4207 1025 4290 Opusoula.

346 4337 554 4416 Fragmentum
581 4327 723 4409 Epistolae
747 4329 884 4384 Canurnr
911 4321 1030 4380 Arriani
1058 4319 1094 4378 ad
1119 4319 1249 4378 Marium
1275 4317 1346 4378 Vic-

385 4434 514 4493 torinurn
529 4427 566 4488 de
580 4427 706 4486 Christo.
1413 4435 1447 4474 er

345 4529 511 4612 Responsio
523 4527 633 4588 Manu
648 4524 825 4584 Vrcroanu
842 4517 980 4578 Rhetoris
994 4515 1074 4575 urbis
1089 4513 1201 4574 Rome.
1412 4532 1449 4572 22
