3164 5104
350 389 415 454 122
731 387 774 451 Ia
793 387 930 452 (Μαί
949 385 1106 472 Oparilu.

353 576 399 617 ra.
414 558 518 618 Oratio
531 557 562 616 in
578 555 743 635 ingrannum
753 555 859 635 jejunii
875 554 1151 636 Quadrngeaimalie.

353 674 363 715 r
369 673 398 732 3.
415 654 519 714 Oratio
532 663 632 713 eontra
648 651 842 711 Fornioarioo.

353 771 397 826 ¹4
412 753 538 810 Laoune
551 749 681 828 qondam
703 751 733 808 in
751 749 832 810 lihrir
845 761 947 809 eontra
961 747 1141 808 Eunominm
1162 769 1199 808 er
1220 749 1296 810 cod.
1314 749 1450 810 Raurioo

388 859 419 908 et
432 847 606 924 Lirinejnno
620 845 771 926 ruppletae.
814 835 816 840 ’

352 965 361 1003 r
368 965 397 1021 5.
411 943 558 1004 Addenda
572 943 662 1002 Notia
677 943 835 1002 Frontonis
849 943 952 1002 Dnooei
967 942 1036 1004 Son.
1050 941 1124 1002 Jean
1139 943 1295 1022 Theologi.

349 1041 487 1122 lijurdem
502 1039 606 1099 Oratio
619 1041 649 1098 in
664 1039 874 1119 Apostolorum
890 1039 1042 1120 Principes
1058 1039 1179 1099 Petrum
1194 1051 1226 1099 et
1241 1039 1381 1099 Paulum.

348 1137 379 1198 S.
394 1137 568 1196 Arthetauri
590 1137 727 1194 Sinam
738 1137 858 1212 'ohpyha
872 1157 924 1196 aen
938 1135 1005 1195 Viae
1029 1135 1099 1196 Dux
1120 1149 1222 1196 oontm
1236 1137 1404 1218 Acephnloa
1418 1150 1447 1198 et

388 1233 570 1293 Severianus.

348 1331 489 1412 Ejusdem
504 1330 699 1402 Queetiones,
715 1341 745 1388 et
760 1327 975 1408 Responsionea
996 1349 1081 1388 onrv.
1096 1329 1134 1389 de
1154 1331 1243 1390 variis
1262 1333 1449 1410 argumentia,

388 1447 454 1487 oum
470 1427 578 1504 insigni
591 1427 750 1485 auctuario.

348 1525 487 1607 Ejusdem
502 1525 534 1583 S.
544 1523 722 1582 Anaaraerr
739 1525 883 1584 Sinnium
898 1524 1002 1584 Oratio
1016 1525 1053 1584 de
1070 1545 1149 1584 eacra
1164 1527 1280 1606 synaxi,
1296 1539 1328 1585 et
1342 1526 1448 1586 deuon

383 1622 552 1700 judioandm
566 1639 655 1700 aeque
668 1620 814 1680 oblivione
827 1621 1010 1698 injuriarum.

516 1801 619 1865 Index
638 1819 747 1864 eornm
767 1821 838 1885 quae
859 1799 959 1864 Tomo
982 1799 1058 1864 XV.
1073 1801 1288 1866 eontinentur.

347 1941 485 2000 Gronau
515 1937 630 1996 Conrru
659 1935 843 2016 europalate
870 1923 962 1996 Liber
991 1937 1028 1998 de
1058 1937 1179 2006 Officiis,
1208 1950 1239 1998 et
1266 1937 1449 1998 Officinlibna

386 2037 502 2114 Magnae
526 2033 673 2100 Ecclesiae,
693 2045 725 2093 et
753 2032 840 2092 Aule
867 2034 1197 2116 Constantinopolitanae
1225 2055 1263 2096 ex
1288 2035 1395 2094 Grnoo
1419 2036 1449 2092 in

387 2135 525 2193 Latinum
540 2131 708 2192 translatus.

347 2231 383 2288 ln
403 2231 510 2290 librum
533 2229 652 2308 Georgii
670 2227 776 2288 Codini
799 2228 984 2310 curopalate
1007 2229 1045 2289 de
1069 2230 1192 2300 Officiis,
1206 2245 1236 2290 et
1256 2230 1448 2298 Offioialihna,

387 2329 439 2387 &o
450 2327 731 2386 Commentariorum
746 2327 812 2386 libri
827 2337 899 2387 tres.

347 2443 507 2520 Syntagma
526 2439 563 2502 de
577 2439 757 2519 imaginibus
777 2459 865 2499 manu
888 2460 947 2500 non
968 2439 1062 2510 factis,
1077 2438 1172 2518 deque
1193 2439 1258 2499 aliia
1278 2461 1297 2498 a
1319 2439 1352 2498 S.
1367 2439 1449 2500 Ianua

387 2539 482 2618 piotie.

347 2637 501 2696 Oratione·
526 2635 584 2694 lx.
610 2635 734 2696 Laome
763 2634 958 2715 imperatorin
995 2655 1020 2694 ι.
1047 2635 1083 2694 ln
1111 2635 1297 2714 Sepulturam
1328 2635 1447 2694 Christi.

389 2753 416 2793 a.
433 2733 468 2792 ln
485 2731 737 2794 Resurrectionem
752 2732 870 2792 Chriati.
902 2751 929 2807 3.
946 2731 982 2790 ln
997 2731 1206 2792 Aaoenaionem
1221 2733 1343 2793 Christi.
1369 2733 1447 2809 4.1n

388 2831 592 2891 Penteoorten.
630 2847 659 2906 5.
678 2829 716 2888 In
739 2828 859 2889 Festum
882 2827 1059 2888 Palmarnm.
1099 2830 1181 2888 6.1n
1206 2831 1447 2910 Arenmption·

388 2927 425 2987 B.
442 2927 582 3007 Virginis.
620 2925 699 3004 7.1n
716 2926 983 2986 Annuntiationem
1003 2925 1039 2984 B.
1054 2925 1194 3004 Virginis.
1227 2927 1254 2985 8.
1277 2929 1315 2987 ln
1338 2927 1445 2988 Deool-

387 3025 523 3085 lntionem
546 3025 579 3084 S.
593 3023 717 3082 Joannie
738 3023 889 3104 Baptistae.
931 3021 1013 3098 9.1n
1027 3043 1127 3084 omnen
1142 3023 1274 3084 Sanotoo.

348 3124 516 3182 'l'rrrooonr
526 3121 691 3181 Annonam
705 3121 843 3201 Episoopi
859 3119 951 3179 Garine
959 3119 1110 3199 Opuaculn
1124 3120 1227 3182 XLII.
1237 3134 1341 3182 eontra
1355 3127 1446 3186 vario·

389 3220 559 3280 Hoeretiooa.

350 3317 535 3376 Hrrronrrr
558 3316 690 3376 Thebani
711 3315 885 3383 Chronioon‚
901 3311 947 3372 rel
971 3313 1070 3394 potina
1091 3314 1287 3394 fragmentum
1309 3318 1445 3380 Chroniei

388 3434 454 3472 oum
469 3413 555 3472 notia.

350 3509 511 3570 Duodecim
525 3508 770 3570 Anathematiami
788 3507 820 3567 S.
829 3508 992 3568 Genoonn
1009 3507 1254 3568 Tnaunanunor
1268 3529 1337 3569 cum
1351 3511 1444 3592 expli·
1565 3491 1566 3541 i

388 3610 511 3668 catione.

353 3705 502 3765 Variorum
518 3703 688 3782 Pontificum
702 3701 739 3762 etl
754 3701 874 3761 Petrum
887 3701 1056 3781 cnapheum
1069 3699 1287 3782 Eutychianum
1304 3703 1445 3784 Epistola

389 3800 488 3860 deoem
503 3799 744 3860 (hreno-Latine.

349 3899 509 3958 Gnnoonn
524 3896 693 3958 Aornum
707 3894 789 3955 Libri
803 3894 863 3954 dno
876 3894 913 3954 de
927 3895 1074 3966 liuentia,
1088 3906 1119 3956 et
1133 3895 1312 3974 Operatione
1323 3897 1393 3958 Dei.

349 3994 624 4054 Animadveraioner
644 4003 675 4052 et
696 3991 873 4052 Notatiouee
895 3993 926 4050 in
942 3991 1081 4052 Historioe
1095 3993 1335 4052 Cantaeuaenicu
1356 4014 1375 4054 a
1393 3992 1444 4053 Ja-

389 4091 461 4152 eoho
474 4092 606 4150 Pontano
620 4089 652 4148 S.
664 4089 695 4148 J.
708 4087 815 4148 Latine
827 4087 948 4148 reddite
961 4087 1040 4147 loooo
1052 4087 1164 4166 aliquot
1178 4109 1279 4167 parum
1293 4109 1388 4150 mnor.

351 4187 560 4268 Prolegomena
580 4197 610 4246 et
627 4185 716 4244 Notae
740 4184 770 4243 in
790 4184 935 4246 Simeonis
954 4183 1096 4253 lanionia,
1113 4184 1264 4264 Tbeologi,
1280 4186 1442 4254 Omtionea.

389 4304 483 4345 merae
495 4281 762 4350 oommentationea,
778 4281 832 4340 &e

350 4382 439 4442 Notae
452 4381 483 4440 in
498 4379 650 4459 Dioptrnm
668 4377 798 4458 Philippi
812 4377 951 4446 Solitarii,
966 4377 1095 4458 aliosque
1109 4377 1254 4440 Auctorea
1267 4377 1427 4458 ntljunotoe.
