3192 5112
439 371 612 435 Maratorii
633 372 789 436 Amcdolu
811 373 939 436 Lama

658 589 728 660 III.

186 726 277 792 Idem
293 727 511 804 Munianus,
527 735 664 793 exeunte
685 728 801 794 soeculo
823 729 944 794 docimo
966 729 1111 814 septimo,
1135 750 1244 793 monu-

141 836 324 894 mentorum
349 849 475 913 qnoque
498 827 686 894 Latinorum
707 830 900 896 collectionis
922 831 981 895 sub
1006 830 1244 895 Anemlotorum

141 931 269 996 nominc
298 939 404 997 tomos
432 933 513 997 duos
542 931 653 998 edidit.
703 932 753 998 De
787 934 846 1012 his,
877 954 1011 1019 qnorum
1044 933 1132 1019 prior
1159 955 1244 998 anno

143 1055 302 1098 uncxovn.
322 1034 479 1098 sccundus
501 1055 587 1099 anno
606 1057 778 1100 nncxcvm.
795 1036 968 1102 Mediolani
994 1035 1027 1099 in
1051 1035 1154 1100 lucem
1172 1055 1244 1119 pro-

142 1135 212 1213 diii,
228 1135 441 1200 consulendus
462 1143 512 1200 eat
534 1135 706 1202 Tractatus
722 1137 903 1223 Ittigianus,
926 1135 1132 1222 paea-664.
1178 1135 1245 1200 Mei
1332 1139 1335 1144 '

142 1243 254 1302 autem
281 1243 332 1303 est
360 1237 503 1303 instituti
532 1239 572 1302 de
601 1239 730 1324 reliquis
758 1239 855 1304 tomis
882 1240 1024 1325 ejusdem
1053 1239 1245 1305 collectionis

142 1339 337 1404 mentionem
362 1339 476 1420 facere,
503 1341 567 1426 qui,
593 1342 709 1406 tertius
739 1342 858 1407 scilicet
886 1363 924 1406 ac
954 1348 1096 1427 quartus,
1120 1341 1246 1406 Patavii

141 1463 227 1506 anno
253 1463 402 1506 unecxm.
429 1442 531 1509 lucem
559 1443 720 1528 publicam
748 1445 973 1530 adspexenmt.
1017 1443 1143 1508 Titulus
1168 1443 1246 1508 utri-

142 1565 244 1628 usque
258 1543 339 1608 tomi
353 1543 428 1609 talis
442 1551 511 1610 est:

144 1683 361 1765 Aaronom,
378 1706 456 1774 quae
478 1705 524 1753 ex
547 1683 790 1755 Ambrosianae
808 1683 1040 1756 Bibliothecae
1057 1683 1247 1755 (lodicibus

218 1821 315 1869 nunc
345 1800 498 1890 primum
529 1801 622 1869 eruit
648 1799 850 1870 Ludovicus
877 1800 1058 1870 Antonius
1084 1799 1248 1869 Murato·

219 1915 302 1998 rius,
330 1913 499 1986 Sereniss.
521 1915 695 2009 Raynaldi
721 1915 751 1985 Ι.
776 1915 942 1999 Mutinae,
965 1913 1030 1985 &a
1050 1911 1160 1984 Ducis
1187 1913 1248 1983 Bi-

219 2028 481 2100 bliothecariua
516 2027 648 2100 'lomus
669 2031 806 2101 tertius.
846 2029 993 2112 Patavii,
1010 2029 1116 2123 Typis
1135 2027 1248 2099 Semi-

219 2145 320 2228 narii,
351 2163 554 2215 nuceam.
611 2143 719 2237 Apud
741 2145 917 2216 Joannem
945 2143 1096 2216 Manfre.
1136 2141 1248 2238 Supe-

220 2263 356 2332 riornm
375 2257 563 2343 Permissa,
581 2283 623 2330 ac
641 2257 841 2354 Privilegio.

421 2463 523 2528 ludex
538 2463 770 2550 Opusculorum
784 2463 864 2528 tomi
878 2463 978 2528 tertii.

146 2595 385 2653 Tsuunnnrsm
395 2593 527 2652 Libellus
541 2592 578 2652 de
593 2593 733 2652 Oratione
747 2593 918 2672 completus,
930 2613 995 2652 cum
1014 2593 1091 2651 notis
1105 2593 1251 2652 (luidonis

190 2691 349 2759 Punciroli,
363 2701 393 2750 et
407 2689 552 2750 Ludovici
566 2689 690 2748 Antonii
705 2689 875 2749 Muratorii.

147 2789 387 2854 &sensurum
410 2806 451 2846 us
466 2788 698 2846 Vrcersuncano
719 2787 793 2845 Ord.
809 2785 903 2844 Praed.
920 2785 1028 2844 Poema
1048 2785 1085 2844 de
1107 2786 1200 2864 gestis
1220 2787 1250 2844 iu

188 2884 317 2942 Ciuitate
332 2883 494 2942 Mediolani
509 2885 564 2942 sub
578 2883 697 2942 Othone
712 2881 892 2942 vicecomite
905 2879 1143 2962 Archiepiscopo,

147 2981 309 3040 Asnaum
335 2981 385 3058 qui
409 2979 486 3038 vixit
510 2981 576 3040 circ.
602 3000 709 3039 anuum
733 2977 843 3037 Christi
863 2996 971 3037 neccx.
994 2977 1084 3036 Liber
1104 2975 1141 3036 de
1163 2977 1250 3036 Com-

189 3089 275 3158 puta,
290 3079 351 3138 sive
365 3077 401 3137 de
418 3076 606 3136 Kalendario.

148 3175 181 3234 S.
202 3175 419 3234 Hrunsnnnrr
448 3173 675 3233 Cenomanensis
703 3171 844 3252 Episcopi
876 3169 1018 3250 Epistola
1045 3170 1082 3229 V.
1117 3181 1147 3230 et
1182 3169 1252 3230 Ser.

190 3292 293 3330 nrones
306 3271 351 3330 ΙΙ.
367 3291 505 3330 unacum
521 3270 656 3350 Epistola
670 3269 782 3330 Ivorsrs
797 3269 993 3328 Carnutensis.

147 3368 296 3426 Guaours
321 3368 446 3426 Abbatis
471 3366 685 3426 Derthouensis
710 3365 799 3425 Liber
826 3365 863 3424 de
888 3365 1017 3444 Corpore
1045 3376 1075 3424 et
1102 3365 1253 3446 Sanguine

191 3464 312 3522 Christi.

148 3560 266 3618 AErsnrn
282 3559 388 3617 Srnvu
405 3559 619 3618 Prconrsrrrsnr
640 3557 781 3637 Episcopi
803 3556 949 3625 Senensis,
965 3557 1014 3634 qui
1036 3557 1073 3616 ad
1096 3557 1253 3618 Pontifica.

190 3668 254 3714 tum
280 3656 445 3713 Maximum
469 3666 587 3714 evectus
609 3654 679 3712 Pius
702 3653 743 3710 11.
766 3652 928 3732 appellatus
952 3664 1005 3722 est,
1028 3653 1131 3712 Oratio
1156 3655 1254 3714 habita

191 3773 288 3811 eoram
303 3752 426 3811 Callisto
441 3752 521 3830 Papa
536 3751 595 3808 111.
611 3751 648 3809 de
665 3749 859 3827 Cornpaclatis
874 3749 1071 3808 Bohemorum.

412 3893 514 3958 Index
530 3895 761 3980 Opuaenlorum
774 3895 854 3959 torni
870 3893 986 3978 quarti.

151 4017 186 4075 S.
198 4015 333 4074 Maxim
348 4011 516 4074 Taurinatia
531 4013 671 4094 Episcopi
686 4015 849 4073 Sermones.

151 4110 404 4190 Antiphonarium
414 4111 644 4170 vetustissimum
655 4109 829 4168 Moussterii
840 4109 1047 4168 Benchoreasis
1060 4110 1090 4166 in
1101 4109 1254 4170 Hibernia.

152 4208 294 4288 Magistri
305 4207 508 4266 Missurum
524 4219 625 4268 eontra
639 4207 831 4267 Wolfslmum
847 4206 1050 4266 Colouicusem
1062 4206 1254 4286 Opusculum.

152 4305 400 4386 Supplemeutnm
417 4303 614 4363 Historiarum
628 4303 794 4362 Jonsnurs
808 4323 850 4362 nn
865 4301 1084 4360 Cannenses.

154 4401 389 4462 Patriarcharum
421 4401 644 4480 Aquileiensium
672 4401 749 4460 Vita
782 4422 798 4460 a
826 4400 858 4459 S.
884 4399 1066 4478 Hermagora
1094 4419 1186 4476 usque
1221 4401 1257 4460 ed

194 4499 352 4557 Nicolaum
370 4497 577 4557 Patriarcham.

676 4615 693 4653 n
711 4611 728 4652 2
