3164 5104
485 379 634 444 Dabat
655 379 864 466 Splaileyium.
1183 383 1226 448 77

1167 551 1226 614 Ρη.

120 647 247 705 Caaour
262 647 337 706 vn.
354 647 488 727 Epistola
501 647 539 706 ad
552 647 709 706 Nicolaum
725 647 834 728 Papam
850 648 890 706 V.
1168 665 1224 724 772

122 746 298 805 Farnaarcr
313 745 500 825 Imperatoris
514 743 649 824 Epistola
662 744 699 803 ad
716 743 868 803 sabaudiae
884 743 1008 804 Ducem.
1168 763 1224 822 77³

121 841 248 901 cison
264 843 337 902 VII.
353 841 488 921 Epistola
500 841 537 900 ad
552 840 736 900 Cardiualem
751 840 916 900 Nicaenum.
1155 841 1226 900 ibid.

122 937 335 997 conclusiones
349 937 452 996 Dioetoe
465 935 806 1017 Assehafferrsburgerrsr's.
1155 937 1225 996 ibid.

122 1033 264 1118 Niconis
287 1035 379 1094 Paes
396 1033 437 1093 V.
461 1033 597 1114 Epistola
618 1032 654 1092 ad
675 1032 868 1092 Guillelmum
894 1032 1024 1093 Francia
1049 1037 1125 1094 Carr-

166 1129 325 1189 ccllarium.
1169 1149 1227 1207 774

123 1225 267 1306 Ejusdem
288 1225 377 1286 Bulla
398 1227 429 1286 in
450 1227 626 1294 Amedenm,
648 1247 706 1307 qua
728 1247 795 1286 cum
820 1228 900 1286 omni
922 1227 1052 1286 dominio
1073 1228 1126 1288 Sa-

165 1324 281 1382 haudise
294 1324 400 1403 privat.
1157 1325 1227 1385 ibid.

122 1421 267 1500 Ejusdem
289 1419 387 1488 Bulla,
408 1441 466 1499 qua
487 1421 584 1479 omnia
608 1441 673 1499 quae
697 1421 868 1480 Schismatis
889 1431 1021 1501 tempore
1044 1433 1127 1500 gesta

166 1526 237 1576 sunt
250 1517 332 1576 nulla
345 1537 408 1576 esse
422 1516 561 1576 decernit.
1153 1518 1226 1578 ibid.

125 1612 304 1672 Earnnarcr
325 1614 513 1694 imperatoris
534 1613 670 1693 Epistola
689 1613 725 1672 ad
745 1613 882 1672 Carolum
898 1614 972 1673 VII.
990 1615 1116 1675 Franco·

166 1711 368 1789 wastena-
1168 1727 1225 1788 775

124 1807 265 1866 Niconsr
281 1808 375 1866 Pseu
388 1807 427 1866 V.
444 1807 580 1887 Epistola
593 1807 630 1866 ad
644 1808 789 1867 eumdem.
1168 1809 1228 1886 776

124 1903 249 1962 Cannar
266 1904 339 1962 VII.
355 1903 491 1984 Epistola
505 1904 542 1962 ad
556 1904 775 1982 Sigismundum
790 1906 919 1964 Austris
930 1907 1055 1965 Ducem.
1158 1905 1227 1964 ibid.

124 2001 268 2060 Nrcousr
284 2001 377 2060 Para
391 2001 433 2060 V.
449 2000 584 2081 Epistola
598 2001 635 2060 ad
649 2002 786 2060 Carolum
802 2001 871 2062 Vll.
1169 2017 1224 2080 777

125 2096 272 2176 Magistri
283 2097 449 2176 Hospitalis
463 2097 626 2158 Jerusalem
641 2097 778 2178 Epistola
791 2099 828 2157 ad
842 2099 985 2160 eumdem.
1156 2099 1226 2159 ibid.

126 2192 282 2252 Oratorem
308 2193 425 2252 Nicolai
451 2194 540 2274 Papa
560 2195 594 2252 V.
619 2205 649 2253 et
673 2194 770 2253 Caroli
790 2195 865 2253 VII.
890 2206 1032 2256 tractatus
1059 2215 1125 2255 cum

168 2289 343 2349 Oratoribus
357 2289 493 2362 Amedei,
507 2291 569 2351 aive
584 2290 690 2350 Felicis
705 2292 793 2370 Papae
807 2292 847 2351 V.
867 2281 869 2288 ¹
1155 2293 1226 2352 ibid.

126 2388 281 2445 Orotoram
294 2387 411 2446 Nicolai
429 2388 518 2466 Papa
531 2387 572 2448 V.
590 2399 621 2446 et
635 2387 779 2448 Ludovici
798 2389 938 2468 Delphini
954 2390 1127 2450 Viennensis

166 2495 309 2542 tractatus
322 2505 389 2543 cum
403 2485 517 2544 iisdem.
1169 2489 1227 2564 778

125 2578 286 2638 Decretum
306 2581 416 2660 Synodi
432 2581 642 2650 maranensis,
664 2602 723 2660 qno
747 2583 867 2660 abrogat
889 2603 1024 2643 censuras
1044 2603 1126 2643 occa-

166 2677 248 2736 sione
262 2677 424 2737 schismatis
437 2676 571 2737 inflictas.
1156 2679 1227 2738 ibid.

125 2772 268 2833 Nrccnar
290 2774 384 2832 Pau
401 2774 440 2833 V.
465 2773 603 2853 Epistola
629 2775 666 2834 ad
690 2775 827 2835 Carolum
851 2776 920 2834 VII.
947 2775 1125 2836 Francorum

168 2869 290 2948 Regem.

125 2965 287 3025 Decretum
308 2967 418 3047 Synodi
435 2967 645 3034 Lauronensia,
665 2988 725 3046 quo
745 2979 808 3027 rata
828 2989 889 3028 esse
912 2969 1041 3028 decernit
1061 2987 1126 3046 qua

166 3063 329 3122 schismatis
343 3074 474 3142 tempore
487 3074 552 3122 acta
566 3075 643 3123 sunt.
1170 3065 1227 3139 780

125 3160 260 3219 Annam
282 3159 353 3219 dicti
368 3159 502 3218 Fanrcrs
521 3161 614 3220 Pseu
628 3161 667 3220 V.
682 3161 800 3228 Literac,
815 3162 921 3239 quibus
938 3162 1064 3221 declarat
1085 3181 1125 3233 sc,

164 3257 283 3317 tametsi
298 3258 424 3337 Papatui
449 3259 610 3326 renunciet,
633 3281 668 3319 ea
691 3279 756 3337 quoe
780 3259 826 3318 sui
846 3259 976 3339 Papatus
996 3271 1127 3340 tempore

164 3367 231 3415 acta
245 3367 314 3414 suut
329 3366 393 3414 rata
406 3375 468 3414 esse
482 3355 566 3414 velle.
1171 3358 1226 3430 782

129 3451 267 3531 Ejusdem
295 3452 413 3518 Literna,
442 3452 549 3530 quibus
576 3453 696 3530 abrogat
723 3471 858 3512 censuras
885 3471 985 3512 omnes
1015 3455 1128 3514 ratione

166 3549 331 3608 schismatis
344 3549 427 3608 latas.
1156 3549 1228 3609 ibid.

127 3645 268 3725 Ejusdem
282 3645 399 3712 Litana,
413 3645 520 3722 quibus
539 3645 717 3713 Electiones‚
739 3646 899 3725 privilegia,
921 3655 952 3705 ct
973 3657 1076 3706 catera
1097 3647 1127 3706 id

165 3761 260 3822 genus
274 3763 291 3800 a
304 3763 336 3801 se
349 3741 463 3809 collata,
478 3741 605 3800 valitura
618 3743 757 3802 decernit.
1170 3744 1226 3819 783

125 3839 444 3905 laccarluvsusars
465 3857 507 3896 aa
524 3839 662 3898 Uasrnrs
680 3839 820 3920 Episcopi
836 3839 1035 3908 Pictavieasis.
1052 3839 1126 3920 Epi·

166 3935 243 3995 stola
258 3935 293 3994 ad
310 3937 459 3995 cameram
476 3936 688 4014 Computorum
704 3936 906 3995 Parisicnsem.
1171 3937 1229 4013 784

124 4033 263 4092 Nrconsr
280 4033 375 4093 Pana
391 4034 427 4092 V.
442 4033 540 4100 Bulla,
555 4053 612 4110 qua
626 4034 721 4092 irritas
735 4033 865 4092 decernit
878 4053 1014 4093 censuras
1027 4055 1128 4094 omnes

166 4130 281 4189 ratione
295 4129 457 4189 schismatis
471 4129 604 4188 inflictas.
1157 4127 1228 4188 ibid.

125 4225 248 4285 Caroni
264 4226 335 4285 v11.
352 4225 487 4306 Epistola
501 4226 538 4286 ad
551 4225 708 4285 Nicolaum
724 4226 763 4284 V.
1170 4227 1226 4301 785

125 4323 265 4402 Ejusdem
280 4323 416 4403 Epistola
430 4323 466 4382 ad
481 4323 625 4383 eumdem.
1159 4320 1229 4380 ibid.

125 4419 321 4478 Gurnaanrrr
349 4439 392 4478 na
419 4421 556 4479 Unsrmrs
582 4419 713 4478 Francia
738 4419 911 4480 cancellarii
932 4418 1068 4500 Epistola
1091 4417 1127 4476 ad

164 4513 312 4574 cumdem.
1169 4516 1229 4590 786
