3164 5104
351 399 393 468 76
717 400 866 464 Decimi
883 399 1089 486 Spicikpiam.

1391 557 1452 619 Peg.

350 635 572 694 Testamentum
586 634 606 692 J
609 652 722 693 caussa
737 653 779 692 na
794 635 1028 704 Luosasuaoo,
1043 647 1074 695 et
1087 637 1189 696 uxoris
1201 638 1276 714 ejus.
1393 657 1452 715 757

349 731 512 811 Responsio
528 731 716 790 Praelatornm
730 751 803 810 quos
817 730 946 790 Parisios
959 745 1166 792 convocaverat
1181 734 1254 792 Dux
1269 733 1350 793 Bed·

389 829 499 898 sordine,
524 841 558 887 ut
581 829 618 887 ab
639 828 852 888 Ecclesiasticis
873 829 940 888 viria
954 829 1054 888 eadem
1080 831 1217 898 subsidia,
1242 852 1308 910 que
1332 853 1351 890 a

388 925 485 984 Laicis
498 926 653 984 obtineret.
1381 927 1452 987 ibid.

349 1023 538 1082 Prclatorom
560 1023 698 1082 Ecclesia·
720 1023 877 1082 Gallicanae
898 1023 1083 1102 Biturigibus
1106 1037 1348 1106 congregatorum

389 1120 523 1200 Epistola
549 1120 586 1178 ad
612 1121 789 1180 Francorum
820 1120 940 1199 Regem,
965 1141 1022 1199 qua
1046 1133 1153 1202 petunt
1178 1144 1209 1182 se
1233 1145 1251 1182 a
1270 1145 1349 1182 noso

388 1218 512 1296 quodam
526 1217 655 1278 subsidio
669 1217 792 1276 liberari.

349 1315 510 1374 Concordia
530 1315 607 1374 sacta
628 1315 704 1373 iuter
726 1314 896 1374 Caelestiuos
918 1315 1147 1388 Avenioneuscs,
1170 1329 1200 1377 et
1225 1319 1348 1378 Petrum

389 1413 532 1472 Comitem
547 1411 584 1470 de
599 1411 811 1490 Lucemburgo.
1391 1417 1450 1490 760

348 1513 501 1569 Maarrnr
524 1507 620 1568 Para
642 1508 701 1566 111.
723 1508 784 1566 siae
799 1507 838 1568 V.
864 1509 1000 1588 Epistola
1020 1509 1057 1570 ad
1071 1511 1217 1570 Joannem
1235 1512 1346 1591 Regem

388 1605 531 1665 Castellte.
1391 1611 1447 1683 767

348 1704 486 1783 Ejusden
501 1701 635 1781 Epistola
648 1701 686 1762 ad
700 1702 836 1762 Carolum
852 1704 906 1762 v1.
923 1704 1101 1764 Francorum
1115 1705 1237 1784 Regem
1378 1707 1449 1765 ibid.

347 1800 486 1878 Ejusdem
502 1799 637 1878 Epistola
650 1799 687 1858 ad
701 1799 825 1858 Mariam
841 1799 983 1878 Reginam
999 1801 1190 1862 Francorum.
1377 1803 1448 1864 ibid.

349 1895 470 1956 Consilii
485 1894 664 1954 Boaileenait
680 1894 814 1974 Epistola
827 1895 865 1953 ad
879 1895 1040 1956 Monachoa
1054 1895 1270 1956 cluniacenses.
1375 1899 1448 1958 ibid.

347 1992 486 2072 Ejusdem
500 1990 636 2071 Epistola
649 1991 686 2050 ad
702 1991 879 2052 Rodericum
894 1991 1038 2052 Comitem
1052 1993 1090 2052 de
1101 1992 1320 2052 Villandrando.
1390 1999 1447 2071 767

347 2091 428 2149 Idem
452 2090 604 2170 pecuniam
629 2101 761 2148 mutuam
789 2090 895 2170 accipit
919 2111 936 2148 a
957 2090 1072 2150 Joanne
1096 2091 1208 2150 Abbate
1233 2091 1346 2152 Cister.

386 2187 487 2246 ciensi.
1376 2187 1447 2247 ibid

347 2283 517 2344 Euosnrus
532 2282 619 2340 Para
634 2281 692 2342 IV.
708 2282 896 2342 Academiam
912 2281 1121 2342 cadomensem
1136 2284 1234 2362 erigit.
1376 2284 1449 2343 ibid.

346 2381 425 2439 Janr
451 2399 493 2440 oa
518 2381 772 2440 Caurosnaoosc
795 2379 988 2438 Januensium
1014 2379 1116 2447 Ducis,
1145 2379 1281 2460 Epistola
1307 2381 1345 2440 ad

387 2476 523 2536 Carolum
539 2476 614 2536 v11.
632 2477 811 2536 Francorum
827 2476 948 2555 Regem.
1388 2480 1446 2554 767

346 2578 469 2632 Cannas
483 2573 558 2632 Vll.
575 2573 710 2654 Epistola
723 2573 759 2632 ad
776 2573 957 2634 Eridericum
973 2573 1084 2652 &gean
1100 2573 1309 2634 Romanorum.
1389 2577 1449 2652 764

346 2672 453 2730 Literna
471 2671 592 2730 Consilii
605 2671 787 2739 Baaileensis,
810 2671 917 2749 quibus
939 2670 1046 2730 Ordini
1068 2671 1253 2732 Cisterciensi
1274 2673 1345 2732 inti.

386 2780 503 2827 mantua·
516 2767 593 2828 facta
606 2779 708 2827 contra
722 2768 890 2847 Eugenium
906 2769 1013 2848 Papam
1028 2768 1082 2826 IV.
1376 2770 1448 2830 ibid.

346 2866 466 2924 Cannar
483 2865 553 2924 VII.
577 2865 755 2924 Francorum
779 2865 870 2944 Regis
894 2865 990 2924 foedus
1010 2885 1076 2924 cum
1098 2865 1210 2944 aliquot
1229 2867 1343 2926 Princi-

386 2964 472 3042 pibus
486 2963 616 3042 lmperii.
1387 2967 1444 3042 765

347 3060 461 3120 Nobilis
475 3060 625 3140 cujusdam
643 3059 723 3118 Galli
738 3059 872 3139 Epistola
886 3061 922 3118 ad
938 3061 1106 3139 Eugenium
1122 3061 1232 3142 Papam
1247 3063 1302 3122 IV.
1388 3065 1448 3140 766

345 3157 396 3217 Ad
416 3157 550 3216 eumdem
567 3155 702 3235 Epistola
719 3155 843 3216 Canotr
858 3157 934 3215 VII.
949 3157 986 3216 de
1009 3157 1159 3218 fidelitatis
1176 3159 1345 3236 juramento

386 3252 464 3332 quod
479 3253 533 3312 sibi
548 3252 667 3311 Praelati
680 3273 780 3312 omnes
794 3265 930 3332 prestare
944 3254 1061 3314 debent.
1376 3257 1447 3318 ibid.

347 3349 532 3409 Bannnrosr
556 3367 598 3408 aa
617 3351 737 3408 Auara
751 3349 858 3410 Classis
873 3349 1051 3410 Francorum
1069 3353 1160 3432 Regis
1179 3353 1344 3434 Capitanei,

386 3446 518 3526 Epistola
532 3445 568 3504 ad
584 3447 767 3506 Protectores
782 3447 813 3506 S.
823 3447 952 3526 Georgii.
1375 3453 1447 3512 ibid.

347 3545 467 3603 Cannar
483 3543 555 3602 Vll.
573 3543 663 3622 Regis
679 3542 857 3604 Francorum
872 3544 994 3604 Summo
1010 3547 1156 3606 Pontifici.
1387 3553 1447 3626 767

348 3641 485 3718 Ejusdem
499 3640 603 3700 eidem.
1374 3648 1448 3706 ibid.

348 3735 487 3816 Ejusdem
502 3737 532 3795 S.
544 3737 582 3796 R.
593 3737 630 3797 E.
646 3737 858 3798 Cardinalibus.
1375 3743 1448 3804 ibid.

347 3833 487 3892 Nsoonar
513 3833 608 3892 Paean
631 3833 671 3892 V.
697 3833 833 3914 Epistola
856 3833 894 3892 ad
915 3834 1051 3894 Carolum
1068 3835 1141 3895 VII.
1164 3837 1344 3898 Francorum

387 3927 508 4008 Regem.
1374 3933 1447 3994 ibid.

347 4027 565 4103 Propositiones
578 4027 615 4086 od
630 4027 824 4087 dirimendum
839 4027 971 4088 Schisma
990 4041 1123 4109 tempore
1136 4031 1262 4090 Amedei
1282 4032 1345 4091 siue

385 4123 490 4183 Felicis
500 4124 586 4202 Papae
597 4124 653 4182 1v.
669 4137 815 4190 exortum.
830 4145 864 4184 ac
878 4146 977 4205 pacem
987 4127 1127 4186 Ecclesiae
1140 4127 1360 4188 conciliandam.
1388 4131 1448 4205 768

344 4221 421 4280 Alias
436 4220 648 4301 propositiones
661 4221 698 4280 ad
712 4223 873 4300 cogendum
889 4222 1053 4282 Concilium
1068 4225 1220 4284 Generale.
1387 4244 1448 4302 770

345 4318 487 4378 Mandata
506 4317 619 4396 allega
639 4317 706 4378 data
727 4319 787 4378 suis
808 4319 928 4398 Legatis
949 4339 1003 4398 pro
1023 4341 1094 4399 paca
1113 4321 1253 4381 Ecclesia
1274 4343 1343 4382 con.

385 4413 518 4474 cilianda.
1386 4435 1441 4496 771
