3192 5112
512 393 660 459 Dacico
681 396 886 482 Spiciloqiom.

1189 565 1210 613 P
1244 603 1249 614 .

144 638 368 697 Gurnnnnsrus
389 657 433 696 ns
452 639 651 700 flmmeum
672 661 705 700 ac
724 642 857 702 Pennus
878 643 942 720 ejus
961 643 1053 702 irater
1074 665 1145 703 non·
1210 581 1242 630 ΕΒ

186 734 270 792 nulla
282 734 393 794 donent
408 735 590 795 Monosterio
605 737 636 795 S.
646 737 782 798 Andreae.

143 829 348 892 Anexnnnar
365 832 458 892 Psen
472 834 532 892 111.
548 835 683 914 Epistola
703 836 740 895 ad
762 837 924 897 Henricum
941 837 1144 917 Archiepisco-

185 947 257 1007 pum
274 928 457 1000 Remensem,
472 951 506 990 ac
519 931 714 1011 suffraganeos
728 933 801 1010 ejus.
1187 938 1246 1012 538

144 1023 305 1103 Privilegn'a
318 1026 520 1086 Narbonensis
540 1027 679 1087 Ecclesia
699 1031 849 1090 confirmat
868 1033 1052 1093 Lunovrcus
1069 1031 1143 1091 Vll.

185 1120 270 1180 Idem
285 1122 356 1181 fecit
371 1123 525 1202 Philippus
536 1125 588 1183 VI.
1172 1130 1244 1189 ibid.

142 1216 309 1278 Concordia
335 1219 409 1280 inita
439 1221 517 1280 inter
547 1221 672 1282 Clericus
700 1223 836 1283 Ecclesia
865 1225 1079 1304 Lugdunensis,
1110 1237 1140 1286 et

184 1313 365 1374 Gureounar
380 1317 525 1377 Comitem
540 1318 707 1378 Eoreusem.
764 1322 769 1330 '
1186 1339 1245 1401 539

141 1411 343 1472 Innnnorssus
357 1413 528 1494 Aragonnm
543 1416 609 1476 Rex
624 1417 748 1495 Hugoni
759 1418 868 1477 comiti
880 1418 1043 1480 Rutcnensi
1054 1420 1142 1480 Vice-

183 1511 354 1569 comitotum
370 1511 566 1572 casletensem
581 1513 646 1592 lege
662 1513 756 1573 Fendi
771 1515 913 1574 concedit.
1171 1516 1243 1577 ibid.

140 1607 329 1667 Lunovrcus
353 1609 423 1668 VII.
448 1610 589 1668 nonnulla
616 1611 706 1670 donat
731 1612 884 1672 Fratribus
908 1611 941 1672 S.
959 1613 1082 1672 Joannis
1106 1613 1143 1674 de

183 1703 314 1764 Sebaste.
1183 1730 1243 1788 540

140 1799 225 1858 Idem
246 1803 387 1880 approbet
408 1803 593 1864 donationem
612 1804 752 1864 Ecclesiae
772 1805 977 1866 Aurelianensi
998 1806 1103 1866 factam
1124 1827 1141 1866 a

182 1897 320 1958 Manassc
334 1899 493 1979 Episcopo.
1182 1921 1239 1982 541

140 1992 266 2054 Pactum
282 1997 457 2054 matrimonii
474 1997 552 2056 inter
565 1998 757 2058 Guiilelmum
775 1999 812 2059 de
827 1999 930 2068 Turre,
945 2019 978 2058 ac
996 1999 1140 2060 Sebeliem

180 2091 307 2150 Arnaldi
320 2092 358 2152 de
372 2093 618 2172 Villis-pessantis
633 2095 731 2154 filiam.
1089 2149 1091 2154 .
1172 2097 1242 2158 ibid.

137 2191 360 2252 Matrimonium
376 2194 432 2253 init
446 2193 593 2252 Amulius
607 2194 644 2254 de
657 2195 826 2254 Monceaux
840 2215 907 2253 cum
922 2195 1048 2272 Agnete.
1168 2196 1240 2256 ibid.

138 2288 324 2349 carthusiam
352 2291 593 2350 Luciniaeensem
627 2291 734 2350 fundat
765 2294 942 2350 Gennnnus
973 2293 1139 2372 Episcopus

180 2387 382 2466 Lingonensis.
1181 2406 1239 2464 542

137 2483 360 2543 Testamentum
375 2485 538 2544 Gurnorus
553 2487 774 2546 Gannascum.
905 2527 914 2540 .
1168 2487 1240 2548 ibid.

137 2581 355 2641 Fundationem
373 2582 542 2642 Nosocomii
562 2583 770 2643 Noviomensis
790 2585 931 2663 approbet
946 2583 1137 2642 Burmannus

178 2679 354 2758 epscopus.
1180 2697 1238 2757 543

135 2774 262 2834 Pactum
280 2775 385 2835 initum
405 2776 482 2835 inter
497 2776 677 2836 Ildeionsum
694 2776 863 2855 Arngonum
879 2777 1001 2854 Regem,
1015 2797 1048 2836 ae
1064 2776 1138 2835 Ber-

177 2871 301 2930 nsrdnm
315 2871 423 2931 Atonis
437 2873 648 2934 Vicecomitem
663 2873 904 2932 Nemausensem.
1168 2871 1239 2932 ibid.

135 2967 244 3026 Penni
260 2967 385 3027 Abbatis
399 2969 429 3028 S.
441 2969 568 3049 Remigii
583 2971 745 3038 Remeusis,
761 2981 861 3050 postea
874 2969 1012 3050 Episcopi
1025 2971 1138 3028 Carnu·

175 3065 278 3132 tensis,
295 3065 429 3144 Epistola
442 3067 479 3126 ad
492 3077 552 3126 tres
567 3067 729 3127 Monachus
744 3067 959 3126 cistercienses.
1179 3081 1239 3141 544

132 3161 278 3242 Ejusdem
291 3161 382 3221 altera
396 3163 531 3242 Epistola
545 3164 581 3222 ad
595 3183 696 3223 eorum
711 3165 794 3224 duos.
1178 3177 1236 3240 545

134 3260 248 3319 Incerti
262 3260 397 3341 Epistola
410 3261 446 3320 ad
462 3261 621 3321 Incertum.
1167 3261 1237 3320 ibid.

133 3355 333 3418 Donationem
363 3359 400 3418 ab
428 3360 570 3418 lemano
597 3361 701 3419 foetam
730 3358 910 3418 Monostcrio
940 3357 970 3415 S.
995 3354 1122 3416 Andresc

176 3452 327 3512 confirmat
353 3453 550 3513 Ratumenna
576 3453 682 3513 Comes
706 3455 877 3523 Tolosanus,
902 3473 935 3512 ac
960 3453 1122 3512 Provinciae

176 3549 320 3610 Marchio.
1177 3552 1236 3626 546

133 3645 183 3705 De
196 3645 391 3727 Eleemosyna
405 3647 529 3707 Comitis
544 3647 690 3707 Elandriae
706 3646 845 3726 Philippi.
1164 3647 1235 3707 ibid.

132 3743 369 3804 consuetudines
384 3744 564 3804 communic
579 3743 806 3802 Suessionensis.
1164 3743 1235 3803 ibid.

132 3841 256 3900 Lucius
286 3841 378 3901 Pseu
407 3843 466 3902 111.
495 3841 649 3900 Canonicis
677 3839 908 3898 carnotensibus
936 3837 1133 3918 pluralitatem

174 3939 379 3998 beneficiorum
394 3940 538 4019 prohibet,
553 3957 587 3996 ac
600 3937 785 3996 residentiam
800 3935 970 4014 proscribit.

132 4035 345 4112 Josjnrandum
361 4037 556 4096 Gurnnnnsn
572 4035 882 4093 Mounrsrnssunnur
902 4032 1065 4112 prestitum
1080 4032 1133 4092 Jo-

173 4131 241 4190 anni
257 4133 406 4213 Episcopo
419 4132 631 4212 Magalonensi.
1175 4131 1233 4206 548

132 4231 317 4290 Pnrnmens
346 4230 510 4311 Episcopus
538 4229 722 4289 Belvacensis
747 4229 908 4290 Ecclesiam
931 4227 1132 4287 Ursivillarem

171 4327 398 4387 Lehunensibus
411 4327 565 4386 Monscbis
579 4326 721 4386 concedit.
1164 4322 1233 4383 ibid.

675 4441 695 4480 a
