3164 5104
366 383 410 450 66
725 383 1101 471 Doctoritsptottytan.

369 635 507 716 Diploms
531 635 725 696 Fundationis
749 636 884 697 Abbatie
907 637 1082 696 Moninlinm
1109 636 1232 696 Ordinis
1256 636 1367 695 Cister-

408 732 512 791 oiensis
545 732 577 790 in
604 731 752 792 Blendeoa
781 732 871 810 vulgo
899 731 1069 809 Biendeqne
1104 751 1196 810 prope
1223 730 1367 789 Sanctam

408 827 610 888 Andomarnm
631 829 662 886 in
676 829 804 895 Artesie,
819 830 857 888 ab
871 829 1058 888 Daasnnnso
1078 827 1243 887 Mutinensi
1264 826 1367 908 Epist.

408 926 594 985 confirmatae.
1400 923 1470 984 ibid.

368 1022 612 1082 Aacsassasnns
637 1040 679 1080 os
700 1023 868 1082 Boanomo
888 1033 1005 1102 pactum
1024 1021 1131 1080 initum
1144 1039 1212 1079 anm
1227 1019 1318 1078 Petro
1331 1019 1370 1078 de

409 1119 480 1178 Blot
494 1139 588 1179 noram
605 1119 736 1178 Henrioo
750 1118 916 1198 Anglosum
932 1119 1024 1198 Rege.
1411 1135 1470 1194 549

369 1217 526 1276 Usamus
540 1216 636 1275 Panna
651 1215 711 1274 111.
725 1216 827 1274 domos
841 1217 871 1274 in
883 1215 1019 1274 claustro
1031 1213 1170 1274 Eodesise
1182 1213 1375 1274 carnutensis

408 1314 489 1374 laicis
502 1313 575 1381 dari,
589 1325 641 1373 aut
655 1314 743 1373 looasi
758 1323 848 1373 vetat.
1410 1332 1428 1390 5
1431 1329 1469 1389 5ο

369 1411 589 1471 nummum
603 1411 911 1470 Mons-mensuum
923 1409 1065 1468 Dominus
1078 1409 1295 1468 matrimonium
1310 1429 1381 1468 oon.

407 1507 499 1568 trahit
515 1528 580 1567 eum
595 1505 722 1585 signeto.
1398 1506 1468 1566 ibid.

368 1603 604 1665 consuetudines
621 1603 802 1662 Communia
822 1603 997 1682 Pagensium
1012 1603 1147 1670 Valliaoi,
1163 1602 1299 1673 enudati,
1314 1605 1369 1662 dic.

408 1703 439 1760 in
455 1701 581 1760 Dioeoeai
597 1699 808 1759 suessionensi.
1398 1700 1468 1760 ibid.

368 1797 602 1858 Consuetudines
617 1797 798 1855 communie
813 1795 1013 1856 Tornacensis.
1411 1813 1465 1874 551

368 1895 463 1972 Leges
476 1893 625 1952 Amicitiae
640 1893 808 1952 Aniensinm
824 1893 855 1950 in
869 1892 998 1952 Artenia.
1411 1911 1428 1970 5
1432 1913 1467 1974 55

369 1990 549 2049 Pnsmeeus
571 1989 614 2047 11.
640 1991 818 2048 Frsnoorum
842 1989 907 2048 Rex
929 1989 1070 2049 Ecclesia
1092 1989 1239 2050 Eduensis
1261 1991 1369 2070 regalia

409 2105 474 2164 quse
488 2097 687 2165 usurpaverat,
702 2085 893 2163 Lugdunensi
909 2085 1137 2166 Arcbiepisoopo
1150 2088 1291 2147 restituit.
1410 2107 1427 2166 5
1431 2107 1469 2165 54

369 2183 551 2242 Donationes
564 2204 580 2242 a
595 2183 797 2242 Beni-nanno
810 2181 941 2240 Jordano
961 2183 1052 2241 factm
1067 2183 1248 2243 Manantes-io
1262 2184 1294 2243 S.
1303 2183 1368 2243 An-
1564 2167 1565 2188 ¹

409 2279 497 2346 drem,
521 2281 672 2339 confirmet
695 2277 893 2338 Rasmounus
921 2281 1026 2338 Comes
1050 2278 1213 2339 Tolosanus
1240 2301 1273 2341 ne
1295 2281 1370 2339 Pro·
1564 2345 1565 2356 ¹

409 2375 511 2434 vinciae
525 2375 668 2435 Marohio.
1398 2377 1466 2436 ibid.
1564 2379 1565 2456 ζ

369 2470 544 2530 Dotalitium
563 2471 601 2530 ob
614 2471 832 2530 matrimonium
854 2471 931 2530 iuter
946 2470 1136 2530 Guillelmum
1152 2472 1368 2552 Montispesnu-
1564 2463 1565 2556 i

409 2565 468 2626 inni
482 2567 654 2635 Dominum.
669 2577 699 2627 et
714 2568 887 2646 Titburgam
902 2567 990 2627 filiam
1006 2569 1165 2628 Raimundi
1179 2569 1296 2629 Atonis.
1411 2587 1466 2647 555
1564 2639 1565 2652 ¹

370 2663 574 2724 Itoaoousus
602 2663 668 2723 Rex
704 2664 876 2742 drogonum
903 2665 1115 2725 Monasterium
1143 2666 1176 2725 S.
1199 2667 1303 2726 Mariae
1330 2667 1368 2727 de
1564 2711 1565 2720 η

411 2759 501 2840 Sylva
515 2760 619 2840 Regali
634 2759 748 2819 fundat.
1410 2766 1468 2842 556

370 2855 590 2916 Sacramentum
616 2855 767 2916 fidelitatis
790 2856 957 2916 Raimundo
972 2858 1081 2918 Comini
1095 2859 1241 2920 Tolomno
1258 2862 1368 2920 fuctum
1564 2873 1565 2876 ’

410 2951 602 3012 sGuilleImo
616 2952 874 3032 Montiapessulani
891 2954 1028 3013 Domino.
1399 2957 1466 3017 ibid

370 3049 524 3110 Sententia
537 3049 655 3108 divortii
677 3049 754 3108 inter
768 3049 942 3109 Gnlcherum
958 3051 994 3110 de
1010 3051 1117 3110 Salinia
1137 3063 1167 3110 et
1185 3052 1229 3110 M.
1244 3052 1281 3112 de
1293 3053 1366 3112 Bor-
1564 3057 1565 3120 i

410 3146 498 3204 bonio
511 3145 751 3224 consanguineos.
1410 3165 1426 3226 5
1429 3165 1464 3226 57
1564 3131 1565 3200 i

369 3241 533 3300 Aloobaoia
547 3240 730 3300 Monastesio
744 3241 956 3304 Monaaterium
969 3244 1107 3306 Oeioense
1121 3245 1368 3307 domtJosnnsa
1564 3261 1565 3276 ¹

412 3337 588 3416 portugaliae
602 3337 679 3396 Rex.
1409 3363 1426 3421 5
1429 3345 1466 3421 58
1564 3361 1565 3404 i

371 3433 494 3494 Paetum
509 3433 687 3492 matrimonii
706 3435 783 3494 inter
797 3435 979 3497 Bemardum
994 3438 1139 3499 Comitem
1153 3441 1367 3509 Convenarum,

410 3541 441 3590 et
456 3530 582 3590 Mariam
597 3529 685 3589 filiam
701 3531 854 3590 Guilielmi
867 3533 987 3592 Domini
1002 3536 1272 3617 Montispessulani.
1397 3538 1466 3600 ibid.
1564 3581 1565 3612 .

370 3626 466 3686 Huoo
480 3645 523 3684 nn
539 3627 690 3686 Gonssoo
710 3627 816 3686 fundat
840 3649 873 3688 ao
897 3629 979 3690 dotat
1000 3631 1156 3692 Abbatinm
1178 3633 1368 3694 Bellomnen

411 3742 482 3793 aem,
497 3723 710 3782 Canonioorum
726 3724 846 3785 Ordinis
862 3725 1155 3790 Proemonstrstensia.
1408 3749 1467 3812 559

371 3817 544 3878 Tinnuaon
570 3821 720 3882 renuntiet
754 3823 847 3902 pactis
874 3825 1142 3896 matrimonialibus,
1171 3827 1278 3904 quibua
1305 3847 1370 3887 enm

410 3913 505 3973 adhue
525 3914 666 3974 infantem
689 3929 823 3997 parentes
844 3921 890 3980 sui
910 3921 971 3980 filio
987 3922 1139 3983 Guillelmi
1154 3925 1370 4006 Montispesan·

410 4009 552 4070 lnni-dsra
566 4014 790 4092 spoponderant.
1412 4025 1469 4100 560

370 4107 466 4167 Huoo
481 4125 523 4164 oa
540 4125 580 4164 aa
596 4107 683 4167 Rocs
696 4109 789 4169 filium
803 4133 888 4173 suum
903 4116 989 4176 offert
1003 4115 1034 4175 in
1049 4117 1181 4178 Eoolesia
1195 4119 1376 4180 Caturcensi.
1399 4119 1469 4180 ibid.

371 4203 506 4284 Epistola
530 4203 719 4264 Proelaiorum
745 4207 930 4272 Nonnannioe
952 4213 988 4272 ad
1015 4213 1186 4295 Philippum
1208 4215 1251 4275 11.
1274 4216 1369 4276 Fran-

411 4319 512 4359 corum
528 4298 649 4377 Regam,
665 4299 701 4364 de
714 4301 789 4362 dure
803 4304 988 4370 Patsonatus.
1411 4316 1466 4391 5⁶¹

370 4394 590 4456 Testamentum
607 4395 802 4457 Gumnnnsss
817 4400 1077 4484 Montiapemuiani
1092 4407 1223 4468 Domini.
1399 4411 1470 4470 ibid.
