3170 5120
337 381 380 444 86
710 377 889 442 Modillonii
909 376 1068 442 Aaolcotc.

339 633 487 712 Excerpta
500 651 537 692 ex
551 632 729 711 Necrologio
742 633 896 712 Augisnsi.

340 728 437 786 Caroli
454 729 550 788 Crassi
572 729 646 808 Imp.
661 729 906 788 commemoratio
926 729 1005 808 apud
1019 728 1184 806 Augieuscs
1203 728 1340 786 instituta

381 843 397 882 a
411 825 560 884 Canonno
575 825 722 904 Episcopo
736 825 921 884 Novariensi.
1375 823 1383 836 '
1409 822 1417 836 '

342 919 433 978 Emis
448 919 588 1000 Episcopi
601 919 840 999 lerosolymitani
854 919 989 999 Epistola
1002 921 1157 1000 encyclios.
1171 939 1229 998 qua
1243 919 1337 979 Mala.

382 1035 485 1076 oenum
496 1017 675 1096 Episcopum
689 1017 838 1094 sociosque
852 1017 916 1094 ejus
929 1037 946 1075 a
961 1016 1111 1075 Saracenis
1124 1017 1200 1076 mala
1213 1017 1336 1085 habitos,

382 1113 574 1172 commendat.
1382 1111 1448 1185 428

342 1207 522 1268 Bassorum
552 1209 645 1268 Para
670 1208 726 1266 1v.
748 1207 883 1287 Epistola
909 1207 1063 1288 encyclica,
1092 1207 1222 1284 ejusdcm
1250 1227 1334 1287 argu·

380 1305 482 1364 menti.
1364 1304 1443 1362 ibid.

337 1400 528 1460 Mauricum
549 1399 689 1479 Episcopi
712 1397 940 1468 Catalaunsnsis,
963 1398 1097 1476 Epistola
1118 1398 1156 1458 ad
1177 1398 1335 1458 Fuloonem

383 1495 643 1576 Archiepisoopum
668 1494 840 1553 Rsmcnsom
869 1493 906 1552 do
929 1493 1052 1571 quodam
1079 1494 1263 1574 Presbytero,
1287 1495 1337 1573 qui

382 1613 503 1651 uxorem
517 1591 623 1650 ducere
637 1600 808 1648 tentaverat.
1380 1610 1446 1668 429

343 1687 495 1746 Gnatam
518 1685 657 1745 Monachi
675 1684 818 1763 Prologus
838 1685 870 1744 in
891 1686 980 1744 vitam
1005 1686 1035 1744 S.
1048 1686 1173 1744 Romani
1187 1687 1337 1766 Episcopi,

383 1783 419 1842 ad
434 1783 591 1861 Hugonsm
606 1780 866 1861 Archiepiscopum
881 1781 1136 1860 Rotomagenscm.
1367 1783 1444 1842 ibid.

343 1880 495 1940 Austrum
524 1877 650 1937 Abbatis
677 1877 864 1936 bliciaosnsis
891 1877 1027 1956 Epistola
1053 1877 1090 1936 ad
1116 1879 1259 1938 Ioannem
1284 1879 1340 1937 Pa·

382 1997 448 2057 pam
463 1975 569 2034 XVII.
1380 1993 1445 2051 43ο

343 2074 481 2154 Ejusdem
495 2070 643 2151 Diploma.
1380 2093 1440 2148 431

343 2169 477 2228 Proefatio
492 2168 682 2226 Hnnrnmct
698 2167 824 2226 Abbatis
837 2166 868 2224 in
879 2165 985 2225 librum
1000 2166 1037 2225 dc
1051 2167 1206 2246 Com'puto.
1370 2169 1444 2228 ibid.
1569 2205 1570 2224 .

342 2267 497 2326 Anausin
525 2264 662 2322 Monaohi
690 2262 883 2322 Aorostiohon
914 2261 952 2320 ad
979 2261 1131 2320 Bubonem
1160 2263 1339 2342 Episcopum

383 2358 644 2438 Engolismensam.
1381 2378 1441 2434 432
1569 2385 1570 2418 l

343 2457 496 2516 Osnumnr
520 2453 660 2534 Episcopi
686 2452 883 2514 Astoriccnsis
908 2454 1043 2534 Epistola
1070 2453 1106 2513 ad
1130 2453 1214 2514 Idam
1240 2457 1339 2515 Comi·

382 2552 479 2610 tissam
496 2551 719 2610 Bononiensem.
1382 2571 1441 2629 433
1569 2555 1570 2628 l

643 2709 796 2796 Epistolae
812 2711 1053 2796 Togomscnsos,
1068 2712 1134 2776 scil.

342 2849 528 2908 bondonis
548 2846 608 2904 Ill.
631 2847 707 2926 Imp.
733 2845 770 2906 de
794 2847 915 2906 conditu
936 2847 1109 2907 Monasterii
1131 2847 1289 2907 &utensis
1308 2849 1340 2906 in

384 2943 526 3002 Baioaria.
1381 2962 1439 3021 433

343 3041 386 3099 11.
408 3041 553 3100 Onnomrs
567 3038 701 3118 11.1mp.
715 3037 752 3097 ad
765 3038 939 3098 Diemonsm
954 3039 1109 3100 Comitem.
1380 3061 1440 3118 434

343 3137 402 3196 Ill.
418 3138 554 3217 Ejusdem
568 3136 604 3194 ad
621 3135 794 3214 Piligrinum
809 3135 1000 3216 Episcopum.
1368 3139 1439 3200 ibid.

418 3232 607 3311 Epitaphium
623 3231 766 3290 Hartwici
780 3231 913 3292 AbbatIs.
1371 3237 1440 3296 ibid.

343 3328 400 3388 IV.
420 3327 577 3406 Enoyclica
590 3327 823 3388 Ansnasnonrs
838 3329 988 3410 Episcopi,
1003 3331 1034 3389 in
1047 3331 1169 3409 gratiam
1187 3333 1338 3409 cujusdam

382 3423 533 3484 homicidae
547 3425 724 3502 poenitentis.
1370 3427 1439 3489 ibid.

343 3523 383 3581 V.
398 3521 566 3580 Gonnum
581 3519 705 3580 Abbatis
719 3520 756 3580 ad
771 3521 898 3580 Utoncm
913 3534 1058 3601 nepotem.
1368 3525 1438 3584 ibid.

343 3617 400 3675 Vl.
415 3615 554 3695 Ejusdem
567 3616 605 3675 ud
620 3617 763 3676 Comitem
778 3617 886 3696 Adalp.
1369 3619 1439 3679 ibid.

343 3713 416 3772 Vll.
432 3713 572 3792 Ejusdem
585 3713 622 3772 ad
636 3713 724 3772 Dom.
739 3715 782 3774 M.
797 3735 850 3793 pro
864 3715 998 3792 piscibus.
1370 3715 1439 3804 ibid.

343 3809 433 3867 VIII.
452 3809 588 3887 Ejusdem
601 3809 639 3869 ad
652 3809 816 3868 Arnoldum
832 3821 967 3888 nepotem
983 3831 1077 3870 snum.
1381 3829 1438 3890 435
1538 3875 1541 3878 Α

344 3905 401 3964 ΙΧ.
418 3905 612 3963 Gonanannr
627 3905 751 3964 Abbatis
765 3906 802 3964 ad
815 3927 883 3964 suos
898 3907 1119 3985 Tcgernscnscs.
1371 3909 1440 3968 ibid.

342 4005 380 4062 X.
397 4001 535 4082 Ejusdem
549 4001 585 4059 ad
601 4001 784 4060 Theodulum
800 4001 990 4082 Episcopum.
1371 4005 1440 4064 ibid.

345 4099 402 4158 XI.
419 4097 557 4177 Ejusdem
572 4097 609 4155 ad
623 4097 662 4156 A.
673 4096 818 4156 Abbatem
833 4097 1078 4158 Lunaelaceusem.
1369 4102 1440 4161 ibid.

346 4195 420 4255 XII.
438 4193 612 4252 Faomuum
632 4193 770 4251 Monaohi
785 4195 992 4271 'Pegemsensis
1012 4195 1049 4253 ad
1064 4195 1250 4254 Theodnlum
1264 4196 1339 4276 Epi·

385 4310 513 4370 soopum.
758 4309 761 4316 ’
1368 4291 1440 4352 ibid.

340 4387 437 4452 XIII.
454 4387 647 4445 Gonanssnr
665 4385 787 4444 Abbatis
802 4383 838 4442 ad
852 4385 1004 4461 quamdam
1020 4386 1215 4445 Abbatisaam.
1381 4390 1441 4463 436
