<?xml version="1.0" encoding="UTF-8"?>
<!DOCTYPE html PUBLIC "-//W3C//DTD XHTML 1.0 Transitional//EN"
    "http://www.w3.org/TR/xhtml1/DTD/xhtml1-transitional.dtd">
<html xmlns="http://www.w3.org/1999/xhtml" xml:lang="en" lang="en">
 <head>
  <title>
</title>
<meta http-equiv="Content-Type" content="text/html;charset=utf-8" />
  <meta name='ocr-system' content='tesseract 3.04.00' />
  <meta name='ocr-capabilities' content='ocr_page ocr_carea ocr_par ocr_line ocrx_word'/>
</head>
<body>
  <div class='ocr_page' id='page_1' title='image "./notitiascriptor01dowlgoog_0195.png"; bbox 0 0 3172 5108; ppageno 0'>
   <div class='ocr_carea' id='block_1_1' title="bbox 348 355 1152 431">
    <p class='ocr_par' dir='ltr' id='par_1_1' title="bbox 348 355 1152 431">
     <span class='ocr_line' id='line_1_1' title="bbox 348 355 1152 431; baseline -0.009 -4"><span class='ocrx_word' id='word_1_1' title='bbox 348 363 414 431; x_wconf 77' lang='lat'><strong>174</strong></span> <span class='ocrx_word' id='word_1_2' title='bbox 638 357 931 426; x_wconf 74' lang='lat' dir='ltr'><strong>Bolao&#39;ietMooai</strong></span> <span class='ocrx_word' id='word_1_3' title='bbox 945 355 1152 422; x_wconf 73' lang='lat' dir='ltr'><strong>Mbcollosco.</strong></span> 
     </span>
    </p>
   </div>
   <div class='ocr_carea' id='block_1_2' title="bbox 348 608 1451 3106">
    <p class='ocr_par' dir='ltr' id='par_1_2' title="bbox 348 608 1446 875">
     <span class='ocr_line' id='line_1_2' title="bbox 348 608 1346 693; baseline -0.007 -19"><span class='ocrx_word' id='word_1_4' title='bbox 348 613 477 674; x_wconf 81' lang='lat' dir='ltr'><strong>Ksaonr</strong></span> <span class='ocrx_word' id='word_1_5' title='bbox 499 613 561 674; x_wconf 91' lang='lat'>111.</span> <span class='ocrx_word' id='word_1_6' title='bbox 581 613 769 693; x_wconf 88' lang='lat' dir='ltr'><strong>Imperatoris</strong></span> <span class='ocrx_word' id='word_1_7' title='bbox 790 612 974 692; x_wconf 71' lang='lat' dir='ltr'><strong>Preceptum</strong></span> <span class='ocrx_word' id='word_1_8' title='bbox 994 631 1049 690; x_wconf 91' lang='lat' dir='ltr'><strong>pro</strong></span> <span class='ocrx_word' id='word_1_9' title='bbox 1069 609 1202 669; x_wconf 73' lang='lat' dir='ltr'><strong>Ecclesia</strong></span> <span class='ocrx_word' id='word_1_10' title='bbox 1221 608 1346 687; x_wconf 77' lang='lat' dir='ltr'><strong>Lugdu·</strong></span> 
     </span>
     <span class='ocr_line' id='line_1_3' title="bbox 386 706 1346 790; baseline -0.005 -20"><span class='ocrx_word' id='word_1_11' title='bbox 386 711 479 781; x_wconf 83' lang='lat' dir='ltr'><strong>aeusi,</strong></span> <span class='ocrx_word' id='word_1_12' title='bbox 495 709 595 770; x_wconf 89' lang='lat' dir='ltr'><strong>datum</strong></span> <span class='ocrx_word' id='word_1_13' title='bbox 610 710 648 769; x_wconf 90' lang='lat' dir='ltr'><strong>ad</strong></span> <span class='ocrx_word' id='word_1_14' title='bbox 661 709 892 790; x_wconf 73' lang='lat' dir='ltr'><strong>deprecationem</strong></span> <span class='ocrx_word' id='word_1_15' title='bbox 914 707 1051 768; x_wconf 87' lang='lat' dir='ltr'><strong>Liutardi</strong></span> <span class='ocrx_word' id='word_1_16' title='bbox 1072 708 1211 788; x_wconf 75' lang='lat' dir='ltr'><strong>Episcopi</strong></span> <span class='ocrx_word' id='word_1_17' title='bbox 1227 706 1346 766; x_wconf 82' lang='lat' dir='ltr'><strong>Vercel-</strong></span> 
     </span>
     <span class='ocr_line' id='line_1_4' title="bbox 387 803 1446 875; baseline -0.005 -8"><span class='ocrx_word' id='word_1_18' title='bbox 387 809 486 875; x_wconf 86' lang='lat' dir='ltr'><strong>leusis.</strong></span> <span class='ocrx_word' id='word_1_19' title='bbox 501 818 532 867; x_wconf 88' lang='lat' dir='ltr'><strong>et</strong></span> <span class='ocrx_word' id='word_1_20' title='bbox 546 806 689 866; x_wconf 83' lang='lat' dir='ltr'><strong>Berunrdi</strong></span> <span class='ocrx_word' id='word_1_21' title='bbox 704 806 893 866; x_wconf 83' lang='lat' dir='ltr'><strong>Murchicnis.</strong></span> <span class='ocrx_word' id='word_1_22' title='bbox 1376 803 1446 862; x_wconf 78' lang='lat' dir='ltr'><strong>ibid.</strong></span> 
     </span>
    </p>

    <p class='ocr_par' dir='ltr' id='par_1_3' title="bbox 348 901 1448 1082">
     <span class='ocr_line' id='line_1_5' title="bbox 348 901 1348 985; baseline -0.007 -20"><span class='ocrx_word' id='word_1_23' title='bbox 348 907 531 985; x_wconf 76' lang='lat' dir='ltr'><strong>Praeceptum</strong></span> <span class='ocrx_word' id='word_1_24' title='bbox 545 905 704 964; x_wconf 81' lang='lat' dir='ltr'><strong>Lunovmr</strong></span> <span class='ocrx_word' id='word_1_25' title='bbox 719 903 819 982; x_wconf 80' lang='lat' dir='ltr'><strong>Regis,</strong></span> <span class='ocrx_word' id='word_1_26' title='bbox 829 903 910 982; x_wconf 90' lang='lat' dir='ltr'><strong>quod</strong></span> <span class='ocrx_word' id='word_1_27' title='bbox 921 903 991 962; x_wconf 82' lang='lat' dir='ltr'><strong>fecit</strong></span> <span class='ocrx_word' id='word_1_28' title='bbox 1005 901 1145 962; x_wconf 75' lang='lat' dir='ltr'><strong>Ecclesiae</strong></span> <span class='ocrx_word' id='word_1_29' title='bbox 1160 901 1192 960; x_wconf 87' lang='lat' dir='ltr'><strong>S.</strong></span> <span class='ocrx_word' id='word_1_30' title='bbox 1205 901 1348 981; x_wconf 75' lang='lat' dir='ltr'><strong>Stephani</strong></span> 
     </span>
     <span class='ocr_line' id='line_1_6' title="bbox 388 1001 1448 1082; baseline -0.005 -21"><span class='ocrx_word' id='word_1_31' title='bbox 388 1001 603 1082; x_wconf 75' lang='lat' dir='ltr'><strong>Lugdunensis.</strong></span> <span class='ocrx_word' id='word_1_32' title='bbox 1410 1016 1448 1072; x_wconf 84' lang='lat'><strong>34</strong></span> 
     </span>
    </p>

    <p class='ocr_par' dir='ltr' id='par_1_4' title="bbox 349 1093 1446 1276">
     <span class='ocr_line' id='line_1_7' title="bbox 349 1093 1350 1180; baseline -0.008 -21"><span class='ocrx_word' id='word_1_33' title='bbox 349 1101 532 1180; x_wconf 81' lang='lat' dir='ltr'><strong>Praeceptum</strong></span> <span class='ocrx_word' id='word_1_34' title='bbox 546 1100 702 1158; x_wconf 86' lang='lat' dir='ltr'><strong>Lunovrcr</strong></span> <span class='ocrx_word' id='word_1_35' title='bbox 719 1097 818 1177; x_wconf 80' lang='lat' dir='ltr'><strong>Regis,</strong></span> <span class='ocrx_word' id='word_1_36' title='bbox 832 1097 911 1175; x_wconf 90' lang='lat' dir='ltr'><strong>quod</strong></span> <span class='ocrx_word' id='word_1_37' title='bbox 930 1097 1000 1156; x_wconf 85' lang='lat' dir='ltr'><strong>facit</strong></span> <span class='ocrx_word' id='word_1_38' title='bbox 1015 1097 1111 1156; x_wconf 88' lang='lat' dir='ltr'><strong>Yssac</strong></span> <span class='ocrx_word' id='word_1_39' title='bbox 1131 1093 1350 1174; x_wconf 82' lang='lat' dir='ltr'><strong>Gratianopoli-</strong></span> 
     </span>
     <span class='ocr_line' id='line_1_8' title="bbox 388 1190 1446 1276; baseline -0.008 -20"><span class='ocrx_word' id='word_1_40' title='bbox 388 1207 458 1256; x_wconf 87' lang='lat' dir='ltr'><strong>tsno</strong></span> <span class='ocrx_word' id='word_1_41' title='bbox 473 1197 620 1276; x_wconf 82' lang='lat' dir='ltr'><strong>Episcopo</strong></span> <span class='ocrx_word' id='word_1_42' title='bbox 633 1205 664 1254; x_wconf 91' lang='lat' dir='ltr'><strong>et</strong></span> <span class='ocrx_word' id='word_1_43' title='bbox 679 1195 898 1254; x_wconf 85' lang='lat' dir='ltr'><strong>Successoribus</strong></span> <span class='ocrx_word' id='word_1_44' title='bbox 912 1194 985 1270; x_wconf 88' lang='lat' dir='ltr'><strong>ejus.</strong></span> <span class='ocrx_word' id='word_1_45' title='bbox 1378 1190 1446 1249; x_wconf 86' lang='lat' dir='ltr'><strong>ibid.</strong></span> 
     </span>
    </p>

    <p class='ocr_par' dir='ltr' id='par_1_5' title="bbox 350 1290 1446 1362">
     <span class='ocr_line' id='line_1_9' title="bbox 350 1290 1446 1362; baseline -0.005 -10"><span class='ocrx_word' id='word_1_46' title='bbox 350 1293 453 1354; x_wconf 84' lang='lat' dir='ltr'><strong>Brevis</strong></span> <span class='ocrx_word' id='word_1_47' title='bbox 466 1291 502 1352; x_wconf 94' lang='lat' dir='ltr'><strong>de</strong></span> <span class='ocrx_word' id='word_1_48' title='bbox 517 1290 737 1352; x_wconf 86' lang='lat' dir='ltr'><strong>Consuetudine</strong></span> <span class='ocrx_word' id='word_1_49' title='bbox 752 1291 783 1350; x_wconf 91' lang='lat' dir='ltr'><strong>S.</strong></span> <span class='ocrx_word' id='word_1_50' title='bbox 795 1291 915 1350; x_wconf 86' lang='lat' dir='ltr'><strong>Donati.</strong></span> <span class='ocrx_word' id='word_1_51' title='bbox 1411 1303 1446 1362; x_wconf 83' lang='lat'><strong>35</strong></span> 
     </span>
    </p>

    <p class='ocr_par' dir='ltr' id='par_1_6' title="bbox 349 1383 1447 1544">
     <span class='ocr_line' id='line_1_10' title="bbox 349 1383 1350 1449; baseline -0.006 -1"><span class='ocrx_word' id='word_1_52' title='bbox 349 1391 532 1449; x_wconf 87' lang='lat' dir='ltr'><strong>Luoovrcus</strong></span> <span class='ocrx_word' id='word_1_53' title='bbox 556 1389 623 1448; x_wconf 86' lang='lat' dir='ltr'><strong>Rex</strong></span> <span class='ocrx_word' id='word_1_54' title='bbox 650 1387 783 1448; x_wconf 89' lang='lat' dir='ltr'><strong>concedit</strong></span> <span class='ocrx_word' id='word_1_55' title='bbox 811 1388 942 1447; x_wconf 90' lang='lat' dir='ltr'><strong>chrino</strong></span> <span class='ocrx_word' id='word_1_56' title='bbox 969 1387 1110 1446; x_wconf 90' lang='lat' dir='ltr'><strong>monacho</strong></span> <span class='ocrx_word' id='word_1_57' title='bbox 1138 1385 1171 1444; x_wconf 85' lang='lat' dir='ltr'><strong>S.</strong></span> <span class='ocrx_word' id='word_1_58' title='bbox 1193 1383 1350 1444; x_wconf 75' lang='lat' dir='ltr'><strong>Michaelis</strong></span> 
     </span>
     <span class='ocr_line' id='line_1_11' title="bbox 391 1480 1447 1544; baseline -0.006 0"><span class='ocrx_word' id='word_1_59' title='bbox 391 1485 552 1544; x_wconf 75' lang='lat' dir='ltr'><strong>Fraxinum</strong></span> <span class='ocrx_word' id='word_1_60' title='bbox 566 1484 603 1544; x_wconf 83' lang='lat' dir='ltr'><strong>ad</strong></span> <span class='ocrx_word' id='word_1_61' title='bbox 616 1485 856 1544; x_wconf 76' lang='lat' dir='ltr'><strong>restaurationem</strong></span> <span class='ocrx_word' id='word_1_62' title='bbox 870 1485 977 1544; x_wconf 82' lang='lat' dir='ltr'><strong>veteris</strong></span> <span class='ocrx_word' id='word_1_63' title='bbox 990 1484 1168 1544; x_wconf 86' lang='lat' dir='ltr'><strong>monasterii.</strong></span> <span class='ocrx_word' id='word_1_64' title='bbox 1379 1480 1447 1540; x_wconf 77' lang='lat' dir='ltr'><strong>ibid.</strong></span> 
     </span>
    </p>

    <p class='ocr_par' dir='ltr' id='par_1_7' title="bbox 352 1581 1448 1662">
     <span class='ocr_line' id='line_1_12' title="bbox 352 1581 1448 1662; baseline -0.005 -20"><span class='ocrx_word' id='word_1_65' title='bbox 352 1583 480 1642; x_wconf 77' lang='lat' dir='ltr'><strong>Kanum</strong></span> <span class='ocrx_word' id='word_1_66' title='bbox 496 1583 661 1642; x_wconf 81' lang='lat' dir='ltr'><strong>Srurnrcrs</strong></span> <span class='ocrx_word' id='word_1_67' title='bbox 676 1582 859 1662; x_wconf 77' lang='lat' dir='ltr'><strong>Praeceptum</strong></span> <span class='ocrx_word' id='word_1_68' title='bbox 873 1581 910 1642; x_wconf 86' lang='lat' dir='ltr'><strong>de</strong></span> <span class='ocrx_word' id='word_1_69' title='bbox 924 1582 1037 1642; x_wconf 88' lang='lat' dir='ltr'><strong>eodem.</strong></span> <span class='ocrx_word' id='word_1_70' title='bbox 1411 1581 1448 1655; x_wconf 83' lang='lat'><strong>36</strong></span> 
     </span>
    </p>

    <p class='ocr_par' dir='ltr' id='par_1_8' title="bbox 351 1677 1448 1855">
     <span class='ocr_line' id='line_1_13' title="bbox 351 1677 1351 1759; baseline -0.006 -19"><span class='ocrx_word' id='word_1_71' title='bbox 351 1679 493 1740; x_wconf 73' lang='grc' dir='ltr'><strong>Βουυιει</strong></span> <span class='ocrx_word' id='word_1_72' title='bbox 513 1679 603 1758; x_wconf 77' lang='lat' dir='ltr'><strong>Regis</strong></span> <span class='ocrx_word' id='word_1_73' title='bbox 624 1679 802 1759; x_wconf 68' lang='lat' dir='ltr'><strong>Burgundio</strong></span> <span class='ocrx_word' id='word_1_74' title='bbox 817 1679 1000 1759; x_wconf 71' lang='lat' dir='ltr'><strong>Praeceptum</strong></span> <span class='ocrx_word' id='word_1_75' title='bbox 1023 1699 1077 1759; x_wconf 92' lang='lat' dir='ltr'><strong>pro</strong></span> <span class='ocrx_word' id='word_1_76' title='bbox 1098 1677 1282 1738; x_wconf 85' lang='lat' dir='ltr'><strong>Monasteric</strong></span> <span class='ocrx_word' id='word_1_77' title='bbox 1295 1677 1351 1735; x_wconf 88' lang='lat' dir='ltr'><strong>Gi-</strong></span> 
     </span>
     <span class='ocr_line' id='line_1_14' title="bbox 390 1771 1448 1855; baseline -0.005 -20"><span class='ocrx_word' id='word_1_78' title='bbox 390 1777 547 1855; x_wconf 79' lang='lat' dir='ltr'><strong>gniacensi.</strong></span> <span class='ocrx_word' id='word_1_79' title='bbox 1380 1771 1448 1830; x_wconf 80' lang='lat' dir='ltr'><strong>ibid.</strong></span> 
     </span>
    </p>

    <p class='ocr_par' dir='ltr' id='par_1_9' title="bbox 352 1869 1449 2031">
     <span class='ocr_line' id='line_1_15' title="bbox 352 1869 1351 1953; baseline -0.004 -21"><span class='ocrx_word' id='word_1_80' title='bbox 352 1874 534 1953; x_wconf 79' lang='lat' dir='ltr'><strong>Praeceptum</strong></span> <span class='ocrx_word' id='word_1_81' title='bbox 556 1873 646 1953; x_wconf 76' lang='lat' dir='ltr'><strong>Regis</strong></span> <span class='ocrx_word' id='word_1_82' title='bbox 669 1875 797 1934; x_wconf 82' lang='lat' dir='ltr'><strong>Ksaonr</strong></span> <span class='ocrx_word' id='word_1_83' title='bbox 821 1875 987 1932; x_wconf 79' lang='lat' dir='ltr'><strong>Srnrnrors</strong></span> <span class='ocrx_word' id='word_1_84' title='bbox 1012 1893 1066 1953; x_wconf 91' lang='lat' dir='ltr'><strong>pro</strong></span> <span class='ocrx_word' id='word_1_85' title='bbox 1090 1871 1273 1931; x_wconf 87' lang='lat' dir='ltr'><strong>Monasterio</strong></span> <span class='ocrx_word' id='word_1_86' title='bbox 1294 1869 1351 1928; x_wconf 87' lang='lat' dir='ltr'><strong>So-</strong></span> 
     </span>
     <span class='ocr_line' id='line_1_16' title="bbox 390 1963 1449 2031; baseline -0.004 -3"><span class='ocrx_word' id='word_1_87' title='bbox 390 1969 588 2031; x_wconf 85' lang='lat' dir='ltr'><strong>lemniacensi.</strong></span> <span class='ocrx_word' id='word_1_88' title='bbox 1381 1963 1449 2024; x_wconf 88' lang='lat' dir='ltr'><strong>ibid.</strong></span> 
     </span>
    </p>

    <p class='ocr_par' dir='ltr' id='par_1_10' title="bbox 352 2062 1448 2233">
     <span class='ocr_line' id='line_1_17' title="bbox 352 2062 1352 2147; baseline -0.006 -21"><span class='ocrx_word' id='word_1_89' title='bbox 352 2067 535 2147; x_wconf 76' lang='lat' dir='ltr'><strong>Praeoeptum</strong></span> <span class='ocrx_word' id='word_1_90' title='bbox 549 2068 708 2128; x_wconf 83' lang='lat' dir='ltr'><strong>Luuovrcr</strong></span> <span class='ocrx_word' id='word_1_91' title='bbox 725 2068 782 2128; x_wconf 94' lang='lat' dir='ltr'><strong>1v.</strong></span> <span class='ocrx_word' id='word_1_92' title='bbox 798 2067 888 2147; x_wconf 52' lang='grc' dir='ltr'><strong>Περὶ</strong></span> <span class='ocrx_word' id='word_1_93' title='bbox 906 2067 1084 2126; x_wconf 82' lang='lat' dir='ltr'><strong>Francorum</strong></span> <span class='ocrx_word' id='word_1_94' title='bbox 1103 2085 1158 2145; x_wconf 91' lang='lat' dir='ltr'><strong>pro</strong></span> <span class='ocrx_word' id='word_1_95' title='bbox 1175 2062 1352 2123; x_wconf 86' lang='lat' dir='ltr'><strong>monasterio</strong></span> 
     </span>
     <span class='ocr_line' id='line_1_18' title="bbox 393 2163 1448 2233; baseline 0 -9"><span class='ocrx_word' id='word_1_96' title='bbox 393 2163 494 2224; x_wconf 82' lang='lat' dir='ltr'><strong>Sancti</strong></span> <span class='ocrx_word' id='word_1_97' title='bbox 507 2163 528 2222; x_wconf 89' lang='lat' dir='ltr'><strong>J</strong></span> <span class='ocrx_word' id='word_1_98' title='bbox 530 2163 620 2223; x_wconf 88' lang='lat' dir='ltr'><strong>uliaui</strong></span> <span class='ocrx_word' id='word_1_99' title='bbox 635 2165 824 2224; x_wconf 84' lang='lat' dir='ltr'><strong>Turonensis.</strong></span> <span class='ocrx_word' id='word_1_100' title='bbox 1413 2176 1448 2233; x_wconf 83' lang='lat'><strong>37</strong></span> 
     </span>
    </p>

    <p class='ocr_par' dir='ltr' id='par_1_11' title="bbox 352 2257 1450 2428">
     <span class='ocr_line' id='line_1_19' title="bbox 352 2257 1349 2340; baseline -0.006 -21"><span class='ocrx_word' id='word_1_101' title='bbox 352 2261 523 2320; x_wconf 83' lang='lat' dir='ltr'><strong>Destructio</strong></span> <span class='ocrx_word' id='word_1_102' title='bbox 541 2260 668 2340; x_wconf 71' lang='lat' dir='ltr'><strong>Capellae</strong></span> <span class='ocrx_word' id='word_1_103' title='bbox 690 2261 844 2331; x_wconf 80' lang='lat' dir='ltr'><strong>Musiriaci,</strong></span> <span class='ocrx_word' id='word_1_104' title='bbox 858 2281 923 2340; x_wconf 80' lang='lat' dir='ltr'><strong>quse</strong></span> <span class='ocrx_word' id='word_1_105' title='bbox 945 2271 1056 2320; x_wconf 84' lang='lat' dir='ltr'><strong>structa</strong></span> <span class='ocrx_word' id='word_1_106' title='bbox 1077 2270 1140 2319; x_wconf 82' lang='lat' dir='ltr'><strong>erat</strong></span> <span class='ocrx_word' id='word_1_107' title='bbox 1159 2258 1191 2316; x_wconf 90' lang='lat' dir='ltr'><strong>in</strong></span> <span class='ocrx_word' id='word_1_108' title='bbox 1210 2257 1349 2336; x_wconf 87' lang='lat' dir='ltr'><strong>injuriam</strong></span> 
     </span>
     <span class='ocr_line' id='line_1_20' title="bbox 394 2353 1450 2428; baseline -0.007 -12"><span class='ocrx_word' id='word_1_109' title='bbox 394 2357 534 2417; x_wconf 77' lang='lat' dir='ltr'><strong>Ecclesia</strong></span> <span class='ocrx_word' id='word_1_110' title='bbox 548 2357 659 2416; x_wconf 87' lang='lat' dir='ltr'><strong>Aeiaci.</strong></span> <span class='ocrx_word' id='word_1_111' title='bbox 1413 2353 1450 2428; x_wconf 84' lang='lat'><strong>38</strong></span> 
     </span>
    </p>

    <p class='ocr_par' dir='ltr' id='par_1_12' title="bbox 353 2449 1449 2534">
     <span class='ocr_line' id='line_1_21' title="bbox 353 2449 1449 2534; baseline -0.005 -20"><span class='ocrx_word' id='word_1_112' title='bbox 353 2455 475 2514; x_wconf 72' lang='lat' dir='ltr'><strong>Litteras</strong></span> <span class='ocrx_word' id='word_1_113' title='bbox 488 2454 657 2514; x_wconf 83' lang='lat' dir='ltr'><strong>Wrornrnr</strong></span> <span class='ocrx_word' id='word_1_114' title='bbox 672 2453 812 2534; x_wconf 87' lang='lat' dir='ltr'><strong>Episcopi</strong></span> <span class='ocrx_word' id='word_1_115' title='bbox 826 2454 1023 2514; x_wconf 80' lang='lat' dir='ltr'><strong>virdunensis</strong></span> <span class='ocrx_word' id='word_1_116' title='bbox 1036 2453 1073 2513; x_wconf 89' lang='lat' dir='ltr'><strong>de</strong></span> <span class='ocrx_word' id='word_1_117' title='bbox 1087 2453 1220 2513; x_wconf 83' lang='lat' dir='ltr'><strong>Ecclesia</strong></span> <span class='ocrx_word' id='word_1_118' title='bbox 1233 2451 1340 2511; x_wconf 82' lang='lat' dir='ltr'><strong>Alieri.</strong></span> <span class='ocrx_word' id='word_1_119' title='bbox 1382 2449 1449 2508; x_wconf 82' lang='lat' dir='ltr'><strong>ibid</strong></span> 
     </span>
    </p>

    <p class='ocr_par' dir='ltr' id='par_1_13' title="bbox 353 2549 1451 2822">
     <span class='ocr_line' id='line_1_22' title="bbox 353 2549 1352 2631; baseline -0.002 -23"><span class='ocrx_word' id='word_1_120' title='bbox 353 2549 505 2608; x_wconf 75' lang='lat' dir='ltr'><strong>Ansunor</strong></span> <span class='ocrx_word' id='word_1_121' title='bbox 534 2549 675 2629; x_wconf 86' lang='lat' dir='ltr'><strong>Episcopi</strong></span> <span class='ocrx_word' id='word_1_122' title='bbox 702 2549 950 2610; x_wconf 84' lang='lat' dir='ltr'><strong>Halberstateusis</strong></span> <span class='ocrx_word' id='word_1_123' title='bbox 973 2550 1107 2631; x_wconf 86' lang='lat' dir='ltr'><strong>Epistola</strong></span> <span class='ocrx_word' id='word_1_124' title='bbox 1128 2549 1165 2610; x_wconf 85' lang='lat' dir='ltr'><strong>od</strong></span> <span class='ocrx_word' id='word_1_125' title='bbox 1188 2549 1352 2608; x_wconf 84' lang='lat' dir='ltr'><strong>Hearicum</strong></span> 
     </span>
     <span class='ocr_line' id='line_1_23' title="bbox 395 2645 1354 2726; baseline 0 -22"><span class='ocrx_word' id='word_1_126' title='bbox 395 2645 574 2726; x_wconf 87' lang='lat' dir='ltr'><strong>Episcopum</strong></span> <span class='ocrx_word' id='word_1_127' title='bbox 604 2645 846 2726; x_wconf 86' lang='lat' dir='ltr'><strong>Herbipuleusem</strong></span> <span class='ocrx_word' id='word_1_128' title='bbox 873 2646 911 2706; x_wconf 91' lang='lat' dir='ltr'><strong>de</strong></span> <span class='ocrx_word' id='word_1_129' title='bbox 941 2647 1126 2707; x_wconf 86' lang='lat' dir='ltr'><strong>institutione</strong></span> <span class='ocrx_word' id='word_1_130' title='bbox 1157 2645 1354 2725; x_wconf 76' lang='lat' dir='ltr'><strong>Episcopatus</strong></span> 
     </span>
     <span class='ocr_line' id='line_1_24' title="bbox 394 2743 1451 2822; baseline -0.002 -21"><span class='ocrx_word' id='word_1_131' title='bbox 394 2743 623 2822; x_wconf 80' lang='lat' dir='ltr'><strong>Bambergeusis.</strong></span> <span class='ocrx_word' id='word_1_132' title='bbox 1414 2759 1451 2816; x_wconf 84' lang='lat'><strong>39</strong></span> 
     </span>
    </p>

    <p class='ocr_par' dir='ltr' id='par_1_14' title="bbox 355 2837 1450 3016">
     <span class='ocr_line' id='line_1_25' title="bbox 355 2837 1353 2920; baseline 0.001 -24"><span class='ocrx_word' id='word_1_133' title='bbox 355 2839 463 2898; x_wconf 90' lang='lat' dir='ltr'><strong>Charta</strong></span> <span class='ocrx_word' id='word_1_134' title='bbox 477 2839 673 2898; x_wconf 72' lang='lat' dir='ltr'><strong>Loununrnr</strong></span> <span class='ocrx_word' id='word_1_135' title='bbox 689 2839 827 2920; x_wconf 88' lang='lat' dir='ltr'><strong>Episcopi</strong></span> <span class='ocrx_word' id='word_1_136' title='bbox 846 2839 985 2900; x_wconf 77' lang='lat' dir='ltr'><strong>Ecclesiae</strong></span> <span class='ocrx_word' id='word_1_137' title='bbox 1004 2838 1194 2898; x_wconf 84' lang='lat' dir='ltr'><strong>Tauriuensis</strong></span> <span class='ocrx_word' id='word_1_138' title='bbox 1210 2837 1247 2897; x_wconf 92' lang='lat' dir='ltr'><strong>de</strong></span> <span class='ocrx_word' id='word_1_139' title='bbox 1267 2849 1353 2918; x_wconf 85' lang='lat' dir='ltr'><strong>parte</strong></span> 
     </span>
     <span class='ocr_line' id='line_1_26' title="bbox 395 2935 1450 3016; baseline -0.003 -21"><span class='ocrx_word' id='word_1_140' title='bbox 395 2935 498 3016; x_wconf 85' lang='lat' dir='ltr'><strong>capitis</strong></span> <span class='ocrx_word' id='word_1_141' title='bbox 513 2935 544 2994; x_wconf 92' lang='lat' dir='ltr'><strong>S.</strong></span> <span class='ocrx_word' id='word_1_142' title='bbox 553 2935 706 2996; x_wconf 87' lang='lat' dir='ltr'><strong>Jobanuis.</strong></span> <span class='ocrx_word' id='word_1_143' title='bbox 1414 2955 1450 3009; x_wconf 86' lang='lat'><strong>40</strong></span> 
     </span>
    </p>

    <p class='ocr_par' dir='ltr' id='par_1_15' title="bbox 356 3031 1446 3106">
     <span class='ocr_line' id='line_1_27' title="bbox 356 3031 1446 3106; baseline -0.002 -14"><span class='ocrx_word' id='word_1_144' title='bbox 356 3033 464 3092; x_wconf 79' lang='lat' dir='ltr'><strong>Charta</strong></span> <span class='ocrx_word' id='word_1_145' title='bbox 477 3031 601 3092; x_wconf 88' lang='lat' dir='ltr'><strong>Comitis</strong></span> <span class='ocrx_word' id='word_1_146' title='bbox 615 3033 787 3092; x_wconf 71' lang='lat' dir='ltr'><strong>Gaurunnr</strong></span> <span class='ocrx_word' id='word_1_147' title='bbox 802 3031 838 3092; x_wconf 90' lang='lat' dir='ltr'><strong>de</strong></span> <span class='ocrx_word' id='word_1_148' title='bbox 852 3031 1008 3092; x_wconf 82' lang='lat' dir='ltr'><strong>donatione</strong></span> <span class='ocrx_word' id='word_1_149' title='bbox 1022 3031 1137 3092; x_wconf 89' lang='lat' dir='ltr'><strong>Montis</strong></span> <span class='ocrx_word' id='word_1_150' title='bbox 1150 3031 1274 3092; x_wconf 82' lang='lat' dir='ltr'><strong>Eidulsi.</strong></span> <span class='ocrx_word' id='word_1_151' title='bbox 1414 3051 1446 3106; x_wconf 88' lang='lat'><strong>41</strong></span> 
     </span>
    </p>
   </div>
   <div class='ocr_carea' id='block_1_3' title="bbox 731 3251 1075 3320">
    <p class='ocr_par' dir='ltr' id='par_1_16' title="bbox 731 3251 1075 3320">
     <span class='ocr_line' id='line_1_28' title="bbox 731 3251 1075 3320; baseline -0.006 -1"><span class='ocrx_word' id='word_1_152' title='bbox 731 3252 949 3320; x_wconf 82' lang='lat' dir='ltr'><strong>Oluniacensia</strong></span> <span class='ocrx_word' id='word_1_153' title='bbox 963 3251 1075 3317; x_wconf 83' lang='lat' dir='ltr'><strong>Varia.</strong></span> 
     </span>
    </p>
   </div>
   <div class='ocr_carea' id='block_1_4' title="bbox 355 3413 1455 4362">
    <p class='ocr_par' dir='ltr' id='par_1_17' title="bbox 355 3413 1455 4362">
     <span class='ocr_line' id='line_1_29' title="bbox 355 3413 1353 3496; baseline 0.003 -22"><span class='ocrx_word' id='word_1_154' title='bbox 355 3413 477 3474; x_wconf 77' lang='lat' dir='ltr'><strong>Littera</strong></span> <span class='ocrx_word' id='word_1_155' title='bbox 501 3414 675 3474; x_wconf 81' lang='lat' dir='ltr'><strong>anusaur</strong></span> <span class='ocrx_word' id='word_1_156' title='bbox 701 3415 840 3496; x_wconf 87' lang='lat' dir='ltr'><strong>Episcopi</strong></span> <span class='ocrx_word' id='word_1_157' title='bbox 865 3415 1057 3476; x_wconf 82' lang='lat' dir='ltr'><strong>Cadurceusis</strong></span> <span class='ocrx_word' id='word_1_158' title='bbox 1080 3414 1118 3475; x_wconf 85' lang='lat' dir='ltr'><strong>de</strong></span> <span class='ocrx_word' id='word_1_159' title='bbox 1141 3416 1219 3476; x_wconf 83' lang='lat' dir='ltr'><strong>Villa</strong></span> <span class='ocrx_word' id='word_1_160' title='bbox 1243 3417 1353 3477; x_wconf 82' lang='lat' dir='ltr'><strong>Ceren-</strong></span> 
     </span>
     <span class='ocr_line' id='line_1_30' title="bbox 356 3533 1450 3687; baseline 0.005 -21"><span class='ocrx_word' id='word_1_161' title='bbox 356 3533 644 3668; x_wconf 46' lang='lat' dir='ltr'><strong>nxz-mmm</strong></span> <span class='ocrx_word' id='word_1_162' title='bbox 661 3607 800 3687; x_wconf 87' lang='lat' dir='ltr'><strong>Episcopi</strong></span> <span class='ocrx_word' id='word_1_163' title='bbox 812 3607 1004 3668; x_wconf 88' lang='lat' dir='ltr'><strong>Cadurcensis</strong></span> <span class='ocrx_word' id='word_1_164' title='bbox 1014 3609 1051 3668; x_wconf 90' lang='lat' dir='ltr'><strong>de</strong></span> <span class='ocrx_word' id='word_1_165' title='bbox 1064 3608 1165 3669; x_wconf 85' lang='lat' dir='ltr'><strong>eadem</strong></span> <span class='ocrx_word' id='word_1_166' title='bbox 1176 3609 1259 3668; x_wconf 88' lang='lat' dir='ltr'><strong>Villa</strong></span> <span class='ocrx_word' id='word_1_167' title='bbox 1272 3621 1304 3669; x_wconf 90' lang='lat' dir='ltr'><strong>et</strong></span> <span class='ocrx_word' id='word_1_168' title='bbox 1317 3611 1355 3670; x_wconf 86' lang='lat' dir='ltr'><strong>dc</strong></span> <span class='ocrx_word' id='word_1_169' title='bbox 1414 3535 1450 3589; x_wconf 56' lang='lat'><strong>⁴²</strong></span> 
     </span>
     <span class='ocr_line' id='line_1_31' title="bbox 396 3703 1450 3783; baseline 0.002 -21"><span class='ocrx_word' id='word_1_170' title='bbox 396 3703 568 3781; x_wconf 87' lang='lat' dir='ltr'><strong>quibusdam</strong></span> <span class='ocrx_word' id='word_1_171' title='bbox 583 3703 646 3762; x_wconf 89' lang='lat' dir='ltr'><strong>aliis</strong></span> <span class='ocrx_word' id='word_1_172' title='bbox 660 3703 809 3763; x_wconf 86' lang='lat' dir='ltr'><strong>Ecclesiis.</strong></span> <span class='ocrx_word' id='word_1_173' title='bbox 1416 3727 1450 3783; x_wconf 82' lang='lat'><strong>43</strong></span> 
     </span>
     <span class='ocr_line' id='line_1_32' title="bbox 356 3797 1356 3880; baseline 0.003 -23"><span class='ocrx_word' id='word_1_174' title='bbox 356 3798 478 3858; x_wconf 73' lang='lat' dir='ltr'><strong>Littera·</strong></span> <span class='ocrx_word' id='word_1_175' title='bbox 493 3799 610 3858; x_wconf 80' lang='lat' dir='ltr'><strong>Porsrrr</strong></span> <span class='ocrx_word' id='word_1_176' title='bbox 626 3798 750 3858; x_wconf 84' lang='lat' dir='ltr'><strong>Comitis</strong></span> <span class='ocrx_word' id='word_1_177' title='bbox 770 3797 908 3859; x_wconf 85' lang='lat' dir='ltr'><strong>Tolosani</strong></span> <span class='ocrx_word' id='word_1_178' title='bbox 930 3819 984 3879; x_wconf 91' lang='lat' dir='ltr'><strong>pro</strong></span> <span class='ocrx_word' id='word_1_179' title='bbox 1006 3799 1188 3859; x_wconf 87' lang='lat' dir='ltr'><strong>Monasterio</strong></span> <span class='ocrx_word' id='word_1_180' title='bbox 1209 3801 1356 3880; x_wconf 85' lang='lat' dir='ltr'><strong>Moyssia.</strong></span> 
     </span>
     <span class='ocr_line' id='line_1_33' title="bbox 356 3898 1452 4072; baseline 0.002 -21"><span class='ocrx_word' id='word_1_181' title='bbox 356 3915 484 4052; x_wconf 49' lang='lat' dir='ltr'><strong>Lim·</strong></span> <span class='ocrx_word' id='word_1_182' title='bbox 493 3990 685 4050; x_wconf 79' lang='lat' dir='ltr'><strong>Gaoznnnrr</strong></span> <span class='ocrx_word' id='word_1_183' title='bbox 701 3989 825 4052; x_wconf 83' lang='lat' dir='ltr'><strong>Abbatis</strong></span> <span class='ocrx_word' id='word_1_184' title='bbox 838 3991 1062 4071; x_wconf 85' lang='lat' dir='ltr'><strong>Moysaiacensis</strong></span> <span class='ocrx_word' id='word_1_185' title='bbox 1076 3991 1112 4052; x_wconf 90' lang='lat' dir='ltr'><strong>de</strong></span> <span class='ocrx_word' id='word_1_186' title='bbox 1126 3992 1262 4053; x_wconf 87' lang='lat' dir='ltr'><strong>libertate</strong></span> <span class='ocrx_word' id='word_1_187' title='bbox 1278 3993 1356 4072; x_wconf 84' lang='lat' dir='ltr'><strong>ejus·</strong></span> <span class='ocrx_word' id='word_1_188' title='bbox 1384 3898 1452 3958; x_wconf 35' lang='lat' dir='ltr'><strong>lbld·</strong></span> 
     </span>
     <span class='ocr_line' id='line_1_34' title="bbox 397 4087 1454 4152; baseline 0.002 -4"><span class='ocrx_word' id='word_1_189' title='bbox 397 4088 463 4148; x_wconf 90' lang='lat' dir='ltr'><strong>dem</strong></span> <span class='ocrx_word' id='word_1_190' title='bbox 477 4087 661 4148; x_wconf 84' lang='lat' dir='ltr'><strong>Moussterii.</strong></span> <span class='ocrx_word' id='word_1_191' title='bbox 1387 4093 1454 4152; x_wconf 85' lang='lat' dir='ltr'><strong>ibid.</strong></span> 
     </span>
     <span class='ocr_line' id='line_1_35' title="bbox 357 4181 1453 4248; baseline 0.002 -4"><span class='ocrx_word' id='word_1_192' title='bbox 357 4183 475 4244; x_wconf 84' lang='lat' dir='ltr'><strong>Notitia</strong></span> <span class='ocrx_word' id='word_1_193' title='bbox 489 4181 525 4241; x_wconf 91' lang='lat' dir='ltr'><strong>de</strong></span> <span class='ocrx_word' id='word_1_194' title='bbox 540 4182 720 4242; x_wconf 81' lang='lat' dir='ltr'><strong>Monasterio</strong></span> <span class='ocrx_word' id='word_1_195' title='bbox 734 4183 833 4244; x_wconf 83' lang='lat' dir='ltr'><strong>Sancti</strong></span> <span class='ocrx_word' id='word_1_196' title='bbox 848 4185 969 4245; x_wconf 86' lang='lat' dir='ltr'><strong>Montis.</strong></span> <span class='ocrx_word' id='word_1_197' title='bbox 1384 4189 1453 4248; x_wconf 89' lang='lat' dir='ltr'><strong>ibid.</strong></span> 
     </span>
     <span class='ocr_line' id='line_1_36' title="bbox 357 4279 1455 4362; baseline 0.004 -22"><span class='ocrx_word' id='word_1_198' title='bbox 357 4281 478 4340; x_wconf 71' lang='lat' dir='ltr'><strong>Littera&gt;</strong></span> <span class='ocrx_word' id='word_1_199' title='bbox 494 4279 668 4338; x_wconf 70' lang='lat' dir='ltr'><strong>Banasam</strong></span> <span class='ocrx_word' id='word_1_200' title='bbox 684 4280 807 4339; x_wconf 87' lang='lat' dir='ltr'><strong>Comitis</strong></span> <span class='ocrx_word' id='word_1_201' title='bbox 822 4279 999 4360; x_wconf 85' lang='lat' dir='ltr'><strong>Bigorrituui</strong></span> <span class='ocrx_word' id='word_1_202' title='bbox 1013 4303 1066 4361; x_wconf 91' lang='lat' dir='ltr'><strong>pro</strong></span> <span class='ocrx_word' id='word_1_203' title='bbox 1081 4281 1181 4342; x_wconf 89' lang='lat' dir='ltr'><strong>eodem</strong></span> <span class='ocrx_word' id='word_1_204' title='bbox 1197 4284 1387 4345; x_wconf 78' lang='lat' dir='ltr'><strong>Menanterio.</strong></span> <span class='ocrx_word' id='word_1_205' title='bbox 1416 4305 1455 4362; x_wconf 81' lang='lat'><strong>44</strong></span> 
     </span>
    </p>
   </div>
   <div class='ocr_carea' id='block_1_5' title="bbox 0 0 1601 5108">
    <p class='ocr_par' dir='ltr' id='par_1_18' title="bbox 0 0 1601 5108">
     <span class='ocr_line' id='line_1_37' title="bbox 0 0 1601 5108; baseline 0 0"><span class='ocrx_word' id='word_1_206' title='bbox 0 0 1601 5108; x_wconf 95' lang='lat' dir='ltr'><strong> </strong></span> 
     </span>
    </p>
   </div>
  </div>
 </body>
</html>
