3164 5104
368 351 412 424 96
554 355 699 418 Manem
719 363 746 418 a
768 352 907 418 Darosd
926 353 1129 440 sopthim
1151 354 1301 422 Collectio.

370 605 504 683 Epistola
520 605 614 663 Psrm
635 605 766 663 mnouici
791 603 822 664 S.
842 603 963 664 Martini
984 605 1140 666 Treceusis
1162 605 1200 666 ad
1221 607 1272 666 Jo.
1292 607 1371 668 Pict.
1413 525 1467 589 P*

410 705 582 763 canonicum
598 705 629 760 S.
640 701 775 763 Victoris.
1412 723 1462 781 ²7¹

370 798 505 878 Epistola
532 800 687 858 Guoorur
716 817 798 857 rara
825 799 880 856 IX.
908 798 946 858 ad
972 800 1104 858 abbatem
1133 809 1164 858 et
1192 809 1372 859 conventum

411 898 442 956 S.
453 895 590 956 Victoris.
1413 917 1467 974 ²7²
1565 959 1566 978 3

370 992 546 1052 Miraculum
574 991 604 1050 in
629 991 752 1052 ecclesia
777 991 809 1050 S.
825 991 958 1052 Victoris
982 993 1091 1052 virtute
1117 992 1208 1053 saneti
1232 995 1371 1074 martyris
1565 979 1566 1026 l

411 1100 567 1170 patrium.

370 1187 492 1246 Littera
506 1187 659 1244 Funcours
674 1183 845 1244 Parisiensis
858 1184 995 1264 epimopi.
1412 1206 1466 1262 ²73

370 1282 487 1342 Notitia
500 1282 537 1342 de
554 1281 739 1342 contentione
760 1301 825 1340 cum
846 1280 983 1361 episcopo
998 1281 1154 1343 Parisiensi
1176 1283 1207 1342 in
1227 1283 1371 1344 electione

412 1381 493 1438 Petri
508 1377 600 1438 Ducis
613 1377 723 1438 abbatis
738 1377 769 1438 S.
780 1377 920 1437 Victoris.
1412 1399 1467 1458 274

370 1475 488 1536 Notitia
500 1473 537 1533 de
551 1476 739 1534 contentione
760 1494 826 1534 cum
844 1473 1049 1534 archidiacono
1063 1475 1100 1536 de
1113 1476 1223 1556 Josayo
1236 1487 1267 1535 et
1281 1497 1370 1534 cano·

409 1571 483 1631 uicis
498 1571 530 1630 S.
540 1571 668 1630 Victoris
681 1570 718 1629 de
732 1569 928 1630 installatione
941 1571 1063 1630 abbatis.
1411 1591 1447 1646 27
1450 1589 1465 1648 5

370 1668 485 1728 Notitia
498 1668 535 1727 de
548 1667 735 1726 altercatione
755 1687 822 1726 cum
843 1677 960 1728 mamre
979 1667 1133 1727 Parisiensi
1155 1668 1267 1728 mtione
1285 1669 1369 1746 jura-
1521 1735 1525 1743 ⁸

409 1765 499 1824 menti
514 1765 582 1822 novi
595 1763 716 1824 abbatis.
1411 1767 1467 1840 276

370 1860 485 1920 Notitia
508 1859 545 1918 de
566 1859 752 1919 altercatione
773 1881 839 1919 cum
858 1860 1060 1921 archidiacono
1081 1861 1118 1921 de
1131 1861 1232 1922 dosaio
1252 1863 1368 1922 ratione

410 1955 599 2016 ordinationis
612 1955 820 2034 religinwrum.
1395 1957 1465 2018 ibid.

370 2057 417 2114 De
442 2053 528 2113 modo
550 2052 705 2132 recipiendi
728 2053 933 2133 archiepiscopi
956 2054 1132 2115 Senonensis
1159 2065 1211 2114 sut
1237 2057 1366 2135 episcopi

411 2151 580 2210 Parisiensis
594 2169 660 2208 cum
675 2150 794 2209 visitant
807 2150 1026 2210 monasterium.
1410 2169 1465 2228 277

370 2250 489 2309 Litterae
503 2251 596 2307 Parni
614 2249 742 2328 episcopi
758 2247 925 2308 Parisienais
945 2247 982 2307 de
1002 2248 1089 2307 missa
1113 2247 1234 2308 solemni
1258 2250 1290 2308 in
1311 2250 1365 2308 ho-

409 2365 508 2405 norem
532 2345 569 2402 B.
585 2342 690 2402 Maria
715 2343 817 2402 diebus
844 2343 956 2402 sabbati
980 2342 1161 2412 celebranda,
1179 2354 1210 2403 et
1230 2344 1267 2403 de
1286 2345 1365 2405 anti·

407 2443 505 2522 phone
517 2441 549 2499 in
562 2443 620 2500 fine
634 2439 815 2518 completorii
829 2438 1019 2498 decantanda.
1395 2443 1466 2502 ibid.

367 2539 488 2598 Litterae
500 2539 659 2596 Jonssurs
674 2535 826 2596 cardinalis
840 2535 876 2594 de
891 2533 1080 2614 indulgentiis
1098 2536 1243 2596 concessis
1256 2537 1301 2595 his
1313 2540 1366 2615 qui

408 2634 555 2694 ecclesiam
571 2633 603 2691 S.
614 2631 743 2691 Victoris
756 2642 787 2690 et
801 2631 981 2710 prioratuum
996 2630 1060 2707 ejus
1074 2631 1264 2702 visitaverint,
1278 2645 1310 2692 et
1326 2633 1365 2691 ad

407 2729 566 2810 reparanda
579 2727 696 2787 edificia
709 2727 887 2787 contulerint
901 2725 1073 2786 subsidium.

369 2826 500 2886 Historia
514 2823 697 2884 viconiensis
710 2823 874 2882 monasterii
889 2822 998 2880 ordinis
1012 2822 1307 2882 Prsemoustratensis.
1409 2826 1462 2882 281

368 2921 558 2983 continuatio
584 2919 712 2980 chronici
739 2939 756 2978 a
782 2920 923 2976 Nrcouso
952 2939 990 2976 nn
1017 2919 1182 2976 Moumaur
1210 2919 1274 2996 ejus
1301 2919 1358 2978 loci

408 3017 548 3078 mnonici.
1407 3017 1466 3092 ²9⁶

369 3115 515 3174 Fundatio
541 3112 706 3172 monasterii
733 3111 898 3190 Altaeripre
924 3109 1034 3170 ordinis
1061 3109 1269 3176 Cisterciensis,
1294 3110 1363 3170 filitc

408 3211 547 3270 Cari-loci
560 3210 597 3270 de
610 3211 686 3269 linea
699 3208 897 3268 Clarae-vallis.

368 3307 498 3366 Historia
521 3307 687 3366 monasterii
708 3305 853 3364 aKenlos
872 3303 982 3363 ordinis
996 3301 1197 3362 cisterciensis
1218 3302 1248 3360 in
1263 3304 1364 3362 Scotia

407 3407 589 3464 adoraturis
612 3405 769 3460 Fnasnnro
793 3401 1012 3460 Pedemontano
1039 3400 1168 3478 ejusdem
1193 3401 1361 3459 monasterii

406 3499 555 3569 monacho,
571 3498 678 3576 scripta
691 3517 767 3554 anno
781 3513 960 3554 unxxxvrr.
1402 3513 1463 3572 ³¹9

367 3595 498 3655 Historia
511 3593 691 3654 fundationis
705 3591 875 3651 venerabilis
888 3590 1015 3649 ecclesie
1029 3590 1106 3648 beati
1119 3588 1152 3646 N
1153 3587 1237 3647 icolai
1251 3589 1361 3667 Oigna-

405 3693 506 3756 censis,
521 3709 555 3748 ac
569 3689 679 3748 ancille
693 3688 802 3747 Christi
814 3685 914 3745 Maria
929 3685 1127 3763 Oignacensis.
1402 3701 1462 3760 327

367 3786 469 3844 Brevis
495 3785 615 3844 historia
644 3785 754 3844 ordinis
784 3785 908 3842 fratrum
937 3779 1173 3847 Proedicatorum,
1201 3789 1322 3840 auctore

405 3901 558 3959 anonymo.
1401 3895 1458 3954 33¹

366 3975 540 4034 Brevissima
553 3975 687 4034 chronica
704 3977 906 4054 magistrorum
927 3972 1105 4052 generalium
1126 3969 1236 4034 ordinis
1250 3971 1359 4030 Praedi-

403 4081 543 4130 catorum.
1400 4087 1463 4143 344

363 4165 505 4228 Bernardi
517 4166 671 4224 Gurnorus
685 4166 800 4226 libellus
814 4186 865 4225 seu
878 4175 1020 4225 tractatus
1033 4165 1235 4243 magistrorum
1248 4164 1360 4224 ordinis

404 4261 640 4328 Praedicatorum,
655 4281 767 4321 necnon
782 4274 813 4322 et
826 4261 954 4340 priorum
969 4259 1188 4337 provincialium
1203 4259 1359 4339 provincias
1379 4331 1382 4338 1

404 4360 561 4418 Provincia
576 4377 627 4417 seu
642 4357 802 4416 Tolosanis.
1401 4359 1461 4434 398

364 4455 495 4515 Historia
522 4453 725 4514 fundationum
756 4464 951 4512 conventuum
979 4451 1088 4510 ordinis
1118 4451 1343 4514 predicatorum
