3164 5104
418 391 548 457 Bolrwii
562 401 590 456 ot
604 393 715 458 Most
729 391 940 460 Misoolhooo.
1168 393 1227 460 161

121 643 211 704 Bulla
224 645 351 725 quadem
365 646 454 726 Popoe
468 645 606 706 adversus
621 647 798 726 Prosperum
812 647 849 707 de
861 647 1006 706 Columna
1020 647 1123 707 Cordi·
1165 567 1227 631 1³²8·

161 741 268 802 nalem.

123 839 232 898 AEusu
258 838 374 898 Sruvrr
400 839 538 900 Senensis
561 841 655 900 oratio
683 841 720 901 de
747 851 840 900 morte
865 840 993 919 Eugenii
1014 841 1070 900 IV.
1093 853 1124 901 et

162 935 312 995 creatione
326 933 359 992 N
360 935 463 994 iebolai
477 935 516 995 V.
1166 958 1224 1016 334

122 1029 194 1090 vita
229 1031 378 1092 Dominioi
407 1032 575 1112 Caprsuioae
603 1033 777 1103 cardinalis,
805 1046 925 1096 auctore
960 1035 1124 1094 Barrrsra

162 1128 292 1187 Poooro.
1166 1151 1223 1208 340

121 1225 263 1284 Narratio
276 1235 362 1287 vetus
376 1227 413 1286 de
426 1237 521 1286 morte
535 1227 648 1287 Juliaui
663 1227 800 1288 Cesarini
815 1227 988 1297 cardinalis,
1003 1239 1122 1288 auctore

163 1321 293 1382 AEornro
307 1322 470 1382 Casuram
485 1323 606 1382 Deouno
620 1323 829 1384 cameracensi.
1164 1345 1180 1402 3
1185 1343 1219 1404 5¹

122 1419 279 1479 Tractatus
293 1419 450 1479 Jososars
465 1419 574 1480 Burorr
595 1419 734 1480 adversus
754 1420 937 1480 cardinalem
956 1421 994 1480 de
1014 1421 1123 1501 Capra-

161 1517 238 1576 niea.
1151 1521 1221 1579 ibid.

122 1613 319 1672 [astructione
340 1624 371 1673 et
392 1613 535 1692 depbches
557 1613 594 1674 de
624 1614 811 1674 l'ambassade
837 1618 965 1696 envoyee
987 1616 1004 1674 is
1029 1615 1123 1675 Rome

161 1729 214 1788 por
228 1709 256 1768 le
270 1707 338 1788 Roy
352 1707 472 1768 charles
486 1708 578 1768 VIII.
594 1729 631 1767 en
644 1707 756 1767 l'annee
770 1727 1006 1768 uceconxxxrv.
1164 1715 1221 1787 362

122 1805 309 1866 Itinerarium
324 1805 449 1866 Adriani
463 1805 519 1866 v1.
541 1805 673 1866 Auctore
689 1806 808 1866 Buasro
822 1806 961 1866 Onrrzro
975 1807 1121 1868 Canonieo

162 1901 319 1962 Toletano.
1164 1907 1221 1982 367

121 1998 266 2059 Collectio
279 1999 409 2058 loeorum
429 1999 612 2076 quorundam
634 1999 792 2077 insignium
807 1999 936 2059 Consilio
949 2001 1121 2060 omissorum

161 2097 194 2154 in
207 2097 299 2156 lero
313 2095 406 2154 Sexto
420 2115 517 2155 rernm
532 2096 727 2156 Sicanioarum
743 2096 936 2155 Mausosrer
951 2095 1084 2157 Abbatis.
1163 2117 1221 2177 395

121 2192 242 2252 Notitia
274 2191 312 2252 de
345 2191 529 2251 ordinatione
563 2192 687 2251 Martini
717 2191 882 2271 Presbyteri
915 2201 945 2251 et
980 2192 1121 2254 Gaudiosi

163 2291 297 2350 Diuooni.
1161 2309 1221 2365 400

121 2387 262 2468 Epistola
275 2387 441 2446 donamus
456 2387 531 2446 VII.
545 2387 633 2468 Papse
646 2386 684 2445 ad
698 2385 821 2465 Anglos.
1151 2389 1220 2447 ibid.

121 2484 261 2565 capitula
280 2485 461 2565 responsioni
482 2485 621 2545 Nroonar
637 2484 662 2542 1.
677 2484 762 2564 Papoe
783 2482 820 2543 od
841 2481 1014 2561 legationem
1038 2482 1120 2542 Salo-

162 2585 257 2644 monis
271 2585 420 2665 Episcopi.
1150 2583 1220 2641 ibid.

121 2681 262 2762 Ejusdem
276 2679 411 2759 Epistola
424 2681 461 2740 ad
477 2679 660 2739 Ludovioum
676 2677 894 2757 Imperatorem.
1160 2699 1217 2753 401

120 2779 261 2858 Ejusdem
276 2777 410 2859 Epistola
423 2777 460 2838 ad
475 2776 619 2836 Karolum
634 2774 757 2834 Calvum
774 2774 885 2853 Regem
901 2775 1088 2834 Francorum.
1160 2795 1218 2852 400

119 2875 262 2954 Ejusdem
276 2875 485 2954 Fragmentum
501 2893 538 2934 ex
552 2871 676 2952 epistola
689 2871 726 2930 ad
741 2871 922 2932 Bernardum
938 2871 1029 2931 filium
1046 2872 1119 2932 Ber.

159 2971 245 3031 nardi
260 2971 392 3030 Comitis.
654 2991 656 3001 ¹
1149 2969 1219 3028 ibid.

118 3067 261 3148 Ejusdem
275 3066 424 3127 decretum
439 3066 476 3126 de
489 3065 662 3146 poenitentia
675 3064 841 3124 matricidae.
1149 3065 1218 3124 ibid.

118 3161 266 3222 Aoniam
287 3163 330 3222 II.
347 3162 439 3222 Para
460 3161 583 3243 epistola
603 3161 640 3220 ad
665 3161 702 3220 B.
717 3161 908 3241 Episcopum.
933 3171 968 3220 ut
991 3160 1116 3228 videtur,

160 3261 411 3321 Cathalenensem.
1148 3258 1217 3318 ibid.

119 3357 298 3436 Fragmenta
312 3357 510 3437 Epistularum
524 3357 689 3417 domiuus
703 3355 795 3414 VIII.
811 3356 909 3436 Papae.
1147 3357 1217 3416 ibid.

143 3610 428 3675 Monumentorum
444 3607 680 3672 Historioorum
696 3607 867 3692 Appendix
882 3610 906 3674 J
907 3609 1019 3676 oannis
1034 3607 1192 3676 Dominioi

508 3710 616 3776 Mausi
635 3709 670 3775 Ο.
682 3710 728 3775 M.
739 3710 780 3776 D.
791 3711 829 3775 L.

117 3847 263 3926 Ejusdem
278 3847 417 3906 Praefatio
431 3847 461 3905 in
476 3847 572 3926 priora
586 3845 735 3924 opuscula.
1070 3849 1141 3928 Pag.
1157 3867 1215 3925 403

115 3946 259 4024 Anonymi
272 3943 403 4003 Libellus
417 3943 454 4003 de
469 3941 654 4021 Genealogiis
670 3941 912 4001 Potriarcharum.
1157 3963 1214 4022 405

115 4043 259 4122 Anonymi
272 4040 404 4100 Libellus
418 4041 455 4099 de
471 4039 618 4119 computo
634 4037 775 4098 Paschali.
1157 4063 1217 4118 4¹4

115 4138 328 4216 Fragmentum
344 4135 486 4216 Epistolae
500 4135 642 4195 Aaourrsr
657 4134 780 4194 Diaconi
800 4135 941 4195 aJaoobo
962 4157 1045 4198 servo
1061 4139 1116 4198 Dei

156 4245 338 4314 excerptum.
1158 4253 1213 4310 4οι

115 4331 207 4390 Liber
222 4331 258 4390 de
272 4330 389 4389 Natura
403 4329 513 4388 Rerum
529 4329 676 4388 alaooso
690 4327 814 4406 quodam
830 4330 963 4409 scriptus.
1158 4349 1215 4408 403

115 4429 145 4486 J.
162 4427 202 4488 D.
220 4427 320 4486 Mansi
336 4425 531 4484 praemonitio.
1157 4433 1217 4504 408

690 4539 713 4577 rr
