3184 5114
335 415 399 478 rso
656 413 899 480 emarcum
913 411 1110 498 aarum

681 597 837 663 nouus
860 596 1099 664 succubus

380 721 497 787 Variae
515 721 653 808 Regulus
667 746 705 790 ac
721 725 863 802 Stntuta,
878 723 1055 790 monastice
1069 729 1103 787 et
1117 719 1280 798 canonico,
1296 719 1444 784 omnium

335 825 400 891 lere
421 824 638 910 religiosorum
654 826 818 906 Ordinum,
834 827 888 912 qui
907 827 940 894 in
955 825 1099 892 Ecclesia
1116 822 1235 890 christi
1249 821 1442 898 floruerunt,

335 934 369 994 et
383 927 557 993 etiamnum
571 927 695 1006 florent,
711 929 868 1014 usquead
887 927 1045 994 Saeculum
1060 926 1143 992 XII.
1159 925 1317 1003 inclusive,
1335 923 1444 988 Addi-

334 1029 486 1094 tementis
502 1029 604 1093 XXI.
621 1029 856 1116 comprehensa,
872 1029 1013 1094 exhibet.

432 1193 603 1280 Oetelogua
618 1215 673 1258 seu
690 1191 848 1258 Elenchus
863 1193 1167 1260 Additamentorum
1181 1191 1273 1256 Tomi
1290 1191 1337 1256 II.

335 1323 368 1382 S.
379 1323 517 1382 Jouuurs
532 1323 691 1388 Csssrsru,
706 1321 832 1382 Abbatis
846 1321 1046 1392 Massiliensis,
1063 1321 1178 1402 Regula
1198 1323 1258 1382 sive
1280 1323 1331 1380 In·

374 1421 542 1480 stitutioues
556 1419 730 1489 monastice,
746 1419 843 1478 Libris
854 1419 910 1478 1v.
925 1419 1147 1500 comprehensae.
1179 1418 1253 1478 Sne.
1264 1421 1301 1476 V.
1331 1419 1409 1497 Peg.
1424 1439 1437 1476 r

335 1519 366 1578 S.
383 1518 557 1584 Pscrrorrrr,
574 1515 699 1576 Abbatis
714 1515 923 1585 Tabennensis,
943 1514 1067 1594 Regula,
1085 1515 1206 1576 omniuo
1219 1515 1331 1576 diversa

374 1616 411 1674 eb
432 1614 523 1674 alters
546 1613 577 1672 in
600 1613 707 1674 Codice
729 1612 909 1692 Regularum
930 1612 1030 1680 relata,
1045 1612 1135 1672 Notis
1156 1623 1186 1673 et
1208 1612 1332 1672 Scholiis

375 1710 478 1770 Alardi
493 1711 592 1769 Ganoei
605 1708 759 1768 illustrate.
802 1709 878 1768 Sacc.
894 1708 950 1767 lv.
1396 1710 1440 1786 38

334 1807 416 1867 Ordo
438 1807 614 1866 monasticus
635 1804 713 1884 apud
737 1805 841 1863 Scotos
859 1805 1021 1864 Monachos
1034 1806 1064 1864 in
1079 1808 1170 1864 veteri
1184 1806 1330 1864 hodierno

375 1905 479 1963 Scotiae
501 1901 684 1962 Monasterio
705 1901 743 1960 de
764 1899 886 1970 Kil-ros,
902 1901 991 1980 vulgo
1005 1901 1118 1971 Culros,
1141 1902 1210 1960 olim
1232 1903 1329 1962 obser-

374 2012 468 2062 vatus.
512 1999 585 2058 Saec.
602 1997 641 2058 V.
1396 2000 1438 2058 62

333 2099 415 2159 Ordo
429 2098 546 2178 quidum
563 2095 747 2156 Monasticus
762 2095 794 2154 S.
808 2094 1000 2155 Beunnrcuo
1013 2095 1182 2154 attributus.
1213 2097 1283 2154 Sec.
1296 2095 1357 2154 IX.
1395 2097 1441 2154 66

415 2195 553 2276 Ejusdem
568 2193 702 2272 Epistola
715 2193 753 2252 ad
769 2191 935 2272 Remigium
951 2193 1130 2252 Rhemnrum
1145 2193 1312 2252 antistitem.
1396 2208 1440 2268 70

414 2291 553 2372 Ejusdem
565 2291 667 2350 Sermo
680 2289 711 2348 in
724 2299 818 2350 morte
834 2289 865 2348 S.
880 2289 1000 2349 Placidi.
1360 2291 1439 2352 ibid.

454 2507 528 2546 rum.

333 2585 447 2664 Regula
461 2581 625 2641 Mouastica
638 2581 764 2658 antiqua.
808 2581 879 2640 Sec.
896 2581 954 2640 lx.

330 2679 487 2740 Tractatus
509 2680 581 2738 varii
599 2678 636 2736 ad
654 2679 816 2736 Historiam
831 2677 1026 2738 Monasticam
1047 2681 1234 2756 pertinentes,
1249 2699 1267 2738 a
1281 2677 1325 2736 cl.

373 2775 547 2835 lllnbillonio
561 2774 685 2842 collecti,
700 2773 852 2833 videlicet:

416 2894 441 2932 r.
464 2872 546 2933 Ordo
560 2872 656 2932 Officii
676 2873 707 2928 in
728 2871 825 2929 Domo
844 2871 877 2930 S.
893 2869 1047 2930 Benedicti
1065 2871 1121 2944 (Le
1136 2871 1244 2944 Dome)
1260 2881 1327 2929 ante

493 2970 613 3028 Pascha.
657 2969 730 3028 Saec.
745 2967 803 3026 IX.
1395 2970 1437 3043 78

415 3087 441 3125 2.
463 3067 603 3144 Antiquae
621 3062 855 3125 consuetudines
876 3063 1121 3122 Monasteriorum
1135 3061 1209 3122 Ord.
1225 3062 1257 3122 S.
1268 3063 1326 3122 Be-

492 3161 609 3222 nedicti.
1393 3162 1436 3218 80

413 3277 441 3334 3.
457 3259 538 3318 Ordo
549 3257 702 3338 Regulnris
712 3257 790 3334 apud
800 3277 859 3325 eos,
868 3257 919 3334 qui
929 3258 959 3314 in
970 3256 1051 3316 Arce
1063 3255 1203 3334 Regulnri
1216 3255 1337 3334 pollent.
1360 3256 1435 3316 ibid.

411 3375 439 3430 4.
462 3355 610 3433 Scriptum
626 3355 764 3413 Fratrum
776 3353 811 3412 de
826 3353 926 3412 Monte
938 3353 1106 3412 Cassinoad
1122 3351 1240 3412 Fratres
1250 3353 1328 3430 ejus-

492 3454 559 3513 dem
578 3451 708 3520 Ordinis,
731 3451 841 3510 scilicet
863 3449 895 3508 S.
913 3450 1076 3517 Benedicti,
1092 3451 1121 3508 in
1143 3449 1328 3509 Alemaniam

491 3561 522 3610 et
541 3549 691 3610 Franciam
707 3550 760 3607 dic.
783 3547 819 3607 de
842 3546 960 3606 Ritibus
981 3547 1180 3607 Casinensium
1203 3557 1234 3606 et
1256 3546 1327 3604 Clu·

490 3645 677 3705 niacensium.

410 3759 437 3818 5.
461 3741 604 3822 Prologus
618 3741 647 3800 iu
662 3741 782 3800 Librum
795 3740 1047 3800 Consuetudinum
1061 3737 1325 3816 Hirssugiensium,

491 3837 623 3898 Auctore
636 3837 825 3896 Wrnnuusro
839 3835 965 3895 Abbote.

410 3936 439 3994 6.
461 3933 607 3994 Formuloe
622 3933 679 3992 lv.
695 3931 861 3992 Oblationis
875 3931 1047 3990 Puerorum.

411 4051 437 4107 7.
459 4031 582 4089 Litterae
595 4030 632 4089 V.
647 4029 684 4088 ad
697 4028 854 4088 ineundam
870 4027 1079 4106 suffragiorum
1095 4027 1282 4087 Societatem.
1390 4027 1433 4102 89

328 4127 442 4207 Regula
456 4127 488 4185 S.
505 4127 736 4186 Canonoouucr
752 4125 891 4204 Episcopi
906 4125 1058 4184 Metensis.
1101 4125 1173 4183 Sanc.
1188 4123 1277 4182 VIII.
1383 4141 1422 4198 93

328 4224 443 4304 Regula
464 4221 670 4284 Canoniccrnm
686 4221 886 4300 Regulcrium,
902 4221 937 4279 ab
954 4221 1100 4302 Anonymo
1116 4220 1252 4300 quopiam
1274 4221 1326 4278 In·

368 4319 554 4399 terpolatore,
568 4337 604 4378 ex
620 4317 824 4396 chrodogangi
843 4337 952 4383 norma,
969 4315 1092 4376 Concilii
1107 4317 1327 4396 Aquisgranen-

368 4419 406 4478 sis
420 4414 566 4495 capitulis,
581 4425 669 4492 atque
683 4411 800 4472 aliunde
814 4413 1018 4474 consarcinata.
1061 4414 1134 4474 Soec.
1151 4413 1208 4472 IX.
1370 4431 1429 4489 109
